%YAML 1.1
%TAG !u! tag:unity3d.com,2011:
--- !u!1 &5044538913249054217
GameObject:
  m_ObjectHideFlags: 0
  m_CorrespondingSourceObject: {fileID: 0}
  m_PrefabInstance: {fileID: 0}
  m_PrefabAsset: {fileID: 0}
  serializedVersion: 6
  m_Component:
  - component: {fileID: 6740192748625681537}
  - component: {fileID: 5507589110802270687}
  - component: {fileID: 3731770776988790099}
  m_Layer: 0
  m_Name: Header
  m_TagString: Untagged
  m_Icon: {fileID: 0}
  m_NavMeshLayer: 0
  m_StaticEditorFlags: 0
  m_IsActive: 1
--- !u!224 &6740192748625681537
RectTransform:
  m_ObjectHideFlags: 0
  m_CorrespondingSourceObject: {fileID: 0}
  m_PrefabInstance: {fileID: 0}
  m_PrefabAsset: {fileID: 0}
  m_GameObject: {fileID: 5044538913249054217}
  m_LocalRotation: {x: -0, y: -0, z: -0, w: -1}
  m_LocalPosition: {x: 0, y: 0, z: 0}
  m_LocalScale: {x: 1, y: 1, z: 1}
  m_Children:
  - {fileID: 2268109739456151584}
  - {fileID: 4528588259411051532}
  m_Father: {fileID: 5490789948728912865}
  m_RootOrder: 0
  m_LocalEulerAnglesHint: {x: 0, y: 0, z: 0}
  m_AnchorMin: {x: 0, y: 0}
  m_AnchorMax: {x: 0, y: 0}
  m_AnchoredPosition: {x: 20, y: 0}
  m_SizeDelta: {x: 0, y: 0}
  m_Pivot: {x: 0, y: 1}
--- !u!114 &5507589110802270687
MonoBehaviour:
  m_ObjectHideFlags: 0
  m_CorrespondingSourceObject: {fileID: 0}
  m_PrefabInstance: {fileID: 0}
  m_PrefabAsset: {fileID: 0}
  m_GameObject: {fileID: 5044538913249054217}
  m_Enabled: 1
  m_EditorHideFlags: 0
  m_Script: {fileID: 11500000, guid: 59f8146938fff824cb5fd77236b75775, type: 3}
  m_Name: 
  m_EditorClassIdentifier: 
  m_Padding:
    m_Left: 15
    m_Right: 15
    m_Top: 15
    m_Bottom: 15
  m_ChildAlignment: 0
  m_Spacing: 10
  m_ChildForceExpandWidth: 1
  m_ChildForceExpandHeight: 1
  m_ChildControlWidth: 0
  m_ChildControlHeight: 0
  m_ChildScaleWidth: 0
  m_ChildScaleHeight: 0
--- !u!114 &3731770776988790099
MonoBehaviour:
  m_ObjectHideFlags: 0
  m_CorrespondingSourceObject: {fileID: 0}
  m_PrefabInstance: {fileID: 0}
  m_PrefabAsset: {fileID: 0}
  m_GameObject: {fileID: 5044538913249054217}
  m_Enabled: 1
  m_EditorHideFlags: 0
  m_Script: {fileID: 11500000, guid: 3245ec927659c4140ac4f8d17403cc18, type: 3}
  m_Name: 
  m_EditorClassIdentifier: 
  m_HorizontalFit: 2
  m_VerticalFit: 2
--- !u!1 &5934375231780848003
GameObject:
  m_ObjectHideFlags: 0
  m_CorrespondingSourceObject: {fileID: 0}
  m_PrefabInstance: {fileID: 0}
  m_PrefabAsset: {fileID: 0}
  serializedVersion: 6
  m_Component:
  - component: {fileID: 5490789948728912865}
  - component: {fileID: 7111238219510843767}
  - component: {fileID: 96570754568299198}
  - component: {fileID: 2571444422039368977}
  - component: {fileID: 8750939382300541222}
  m_Layer: 0
  m_Name: Dialogue
  m_TagString: Untagged
  m_Icon: {fileID: 0}
  m_NavMeshLayer: 0
  m_StaticEditorFlags: 4294967295
  m_IsActive: 1
--- !u!224 &5490789948728912865
RectTransform:
  m_ObjectHideFlags: 0
  m_CorrespondingSourceObject: {fileID: 0}
  m_PrefabInstance: {fileID: 0}
  m_PrefabAsset: {fileID: 0}
  m_GameObject: {fileID: 5934375231780848003}
  m_LocalRotation: {x: 0, y: 0, z: 0, w: 1}
  m_LocalPosition: {x: 0, y: 0, z: 0}
  m_LocalScale: {x: 1, y: 1, z: 1}
  m_Children:
  - {fileID: 6740192748625681537}
  - {fileID: 1675133852152118484}
  m_Father: {fileID: 0}
  m_RootOrder: 0
  m_LocalEulerAnglesHint: {x: 0, y: 0, z: 0}
  m_AnchorMin: {x: 0, y: 1}
  m_AnchorMax: {x: 0, y: 1}
  m_AnchoredPosition: {x: 0, y: 0}
  m_SizeDelta: {x: 230, y: 0}
  m_Pivot: {x: 0, y: 1}
--- !u!222 &7111238219510843767
CanvasRenderer:
  m_ObjectHideFlags: 0
  m_CorrespondingSourceObject: {fileID: 0}
  m_PrefabInstance: {fileID: 0}
  m_PrefabAsset: {fileID: 0}
  m_GameObject: {fileID: 5934375231780848003}
  m_CullTransparentMesh: 0
--- !u!114 &96570754568299198
MonoBehaviour:
  m_ObjectHideFlags: 0
  m_CorrespondingSourceObject: {fileID: 0}
  m_PrefabInstance: {fileID: 0}
  m_PrefabAsset: {fileID: 0}
  m_GameObject: {fileID: 5934375231780848003}
  m_Enabled: 1
  m_EditorHideFlags: 0
  m_Script: {fileID: 11500000, guid: fe87c0e1cc204ed48ad3b37840f39efc, type: 3}
  m_Name: 
  m_EditorClassIdentifier: 
  m_Material: {fileID: 0}
  m_Color: {r: 0.08627451, g: 0.08627451, b: 0.08627451, a: 1}
  m_RaycastTarget: 1
  m_Maskable: 1
  m_OnCullStateChanged:
    m_PersistentCalls:
      m_Calls: []
  m_Sprite: {fileID: 21300000, guid: 58f20faddd3c65a4b914761e8b5802c5, type: 3}
  m_Type: 1
  m_PreserveAspect: 0
  m_FillCenter: 1
  m_FillMethod: 4
  m_FillAmount: 1
  m_FillClockwise: 1
  m_FillOrigin: 0
  m_UseSpriteMesh: 0
  m_PixelsPerUnitMultiplier: 1
--- !u!114 &2571444422039368977
MonoBehaviour:
  m_ObjectHideFlags: 0
  m_CorrespondingSourceObject: {fileID: 0}
  m_PrefabInstance: {fileID: 0}
  m_PrefabAsset: {fileID: 0}
  m_GameObject: {fileID: 5934375231780848003}
  m_Enabled: 1
  m_EditorHideFlags: 0
  m_Script: {fileID: 11500000, guid: 59f8146938fff824cb5fd77236b75775, type: 3}
  m_Name: 
  m_EditorClassIdentifier: 
  m_Padding:
    m_Left: 20
    m_Right: 20
    m_Top: 20
    m_Bottom: 20
  m_ChildAlignment: 0
  m_Spacing: 0
  m_ChildForceExpandWidth: 1
  m_ChildForceExpandHeight: 1
  m_ChildControlWidth: 0
  m_ChildControlHeight: 0
  m_ChildScaleWidth: 0
  m_ChildScaleHeight: 0
--- !u!114 &8750939382300541222
MonoBehaviour:
  m_ObjectHideFlags: 0
  m_CorrespondingSourceObject: {fileID: 0}
  m_PrefabInstance: {fileID: 0}
  m_PrefabAsset: {fileID: 0}
  m_GameObject: {fileID: 5934375231780848003}
  m_Enabled: 1
  m_EditorHideFlags: 0
  m_Script: {fileID: 11500000, guid: 3245ec927659c4140ac4f8d17403cc18, type: 3}
  m_Name: 
  m_EditorClassIdentifier: 
  m_HorizontalFit: 0
  m_VerticalFit: 2
--- !u!1001 &3015064316217316166
PrefabInstance:
  m_ObjectHideFlags: 0
  serializedVersion: 2
  m_Modification:
    m_TransformParent: {fileID: 5490789948728912865}
    m_Modifications:
    - target: {fileID: 829035311388344024, guid: db7adb68a368ce8499f977e58d49caab,
        type: 3}
      propertyPath: m_Name
      value: Button
      objectReference: {fileID: 0}
    - target: {fileID: 3778310164187323387, guid: db7adb68a368ce8499f977e58d49caab,
        type: 3}
      propertyPath: m_SizeDelta.x
      value: 0
      objectReference: {fileID: 0}
    - target: {fileID: 4112174938223346494, guid: db7adb68a368ce8499f977e58d49caab,
        type: 3}
      propertyPath: m_Sprite
      value: 
      objectReference: {fileID: 21300000, guid: 0bb1d30a9a8dce441bc71ee714e05296,
        type: 3}
    - target: {fileID: 4533132889391689618, guid: db7adb68a368ce8499f977e58d49caab,
        type: 3}
      propertyPath: m_LocalPosition.x
      value: 0
      objectReference: {fileID: 0}
    - target: {fileID: 4533132889391689618, guid: db7adb68a368ce8499f977e58d49caab,
        type: 3}
      propertyPath: m_LocalPosition.y
      value: 0
      objectReference: {fileID: 0}
    - target: {fileID: 4533132889391689618, guid: db7adb68a368ce8499f977e58d49caab,
        type: 3}
      propertyPath: m_LocalPosition.z
      value: 0
      objectReference: {fileID: 0}
    - target: {fileID: 4533132889391689618, guid: db7adb68a368ce8499f977e58d49caab,
        type: 3}
      propertyPath: m_LocalRotation.x
      value: 0
      objectReference: {fileID: 0}
    - target: {fileID: 4533132889391689618, guid: db7adb68a368ce8499f977e58d49caab,
        type: 3}
      propertyPath: m_LocalRotation.y
      value: 0
      objectReference: {fileID: 0}
    - target: {fileID: 4533132889391689618, guid: db7adb68a368ce8499f977e58d49caab,
        type: 3}
      propertyPath: m_LocalRotation.z
      value: 0
      objectReference: {fileID: 0}
    - target: {fileID: 4533132889391689618, guid: db7adb68a368ce8499f977e58d49caab,
        type: 3}
      propertyPath: m_LocalRotation.w
      value: 1
      objectReference: {fileID: 0}
    - target: {fileID: 4533132889391689618, guid: db7adb68a368ce8499f977e58d49caab,
        type: 3}
      propertyPath: m_RootOrder
      value: 1
      objectReference: {fileID: 0}
    - target: {fileID: 4533132889391689618, guid: db7adb68a368ce8499f977e58d49caab,
        type: 3}
      propertyPath: m_LocalEulerAnglesHint.x
      value: 0
      objectReference: {fileID: 0}
    - target: {fileID: 4533132889391689618, guid: db7adb68a368ce8499f977e58d49caab,
        type: 3}
      propertyPath: m_LocalEulerAnglesHint.y
      value: 0
      objectReference: {fileID: 0}
    - target: {fileID: 4533132889391689618, guid: db7adb68a368ce8499f977e58d49caab,
        type: 3}
      propertyPath: m_LocalEulerAnglesHint.z
      value: 0
      objectReference: {fileID: 0}
    - target: {fileID: 4533132889391689618, guid: db7adb68a368ce8499f977e58d49caab,
        type: 3}
      propertyPath: m_AnchoredPosition.x
      value: 0
      objectReference: {fileID: 0}
    - target: {fileID: 4533132889391689618, guid: db7adb68a368ce8499f977e58d49caab,
        type: 3}
      propertyPath: m_AnchoredPosition.y
      value: 0
      objectReference: {fileID: 0}
    - target: {fileID: 4533132889391689618, guid: db7adb68a368ce8499f977e58d49caab,
        type: 3}
      propertyPath: m_SizeDelta.x
      value: 190
      objectReference: {fileID: 0}
    - target: {fileID: 4533132889391689618, guid: db7adb68a368ce8499f977e58d49caab,
        type: 3}
      propertyPath: m_SizeDelta.y
      value: 50
      objectReference: {fileID: 0}
    - target: {fileID: 4533132889391689618, guid: db7adb68a368ce8499f977e58d49caab,
        type: 3}
      propertyPath: m_AnchorMin.x
      value: 0
      objectReference: {fileID: 0}
    - target: {fileID: 4533132889391689618, guid: db7adb68a368ce8499f977e58d49caab,
        type: 3}
      propertyPath: m_AnchorMin.y
      value: 0
      objectReference: {fileID: 0}
    - target: {fileID: 4533132889391689618, guid: db7adb68a368ce8499f977e58d49caab,
        type: 3}
      propertyPath: m_AnchorMax.x
      value: 0
      objectReference: {fileID: 0}
    - target: {fileID: 4533132889391689618, guid: db7adb68a368ce8499f977e58d49caab,
        type: 3}
      propertyPath: m_AnchorMax.y
      value: 0
      objectReference: {fileID: 0}
    - target: {fileID: 4533132889391689618, guid: db7adb68a368ce8499f977e58d49caab,
        type: 3}
      propertyPath: m_Pivot.x
      value: 0
      objectReference: {fileID: 0}
    - target: {fileID: 4533132889391689618, guid: db7adb68a368ce8499f977e58d49caab,
        type: 3}
      propertyPath: m_Pivot.y
      value: 1
      objectReference: {fileID: 0}
    - target: {fileID: 7796518878609910533, guid: db7adb68a368ce8499f977e58d49caab,
        type: 3}
      propertyPath: m_textInfo.characterCount
      value: 8
      objectReference: {fileID: 0}
    - target: {fileID: 7796518878609910533, guid: db7adb68a368ce8499f977e58d49caab,
        type: 3}
      propertyPath: m_textInfo.spaceCount
      value: 0
      objectReference: {fileID: 0}
    - target: {fileID: 7796518878609910533, guid: db7adb68a368ce8499f977e58d49caab,
        type: 3}
      propertyPath: m_textInfo.wordCount
      value: 1
      objectReference: {fileID: 0}
    - target: {fileID: 7796518878609910533, guid: db7adb68a368ce8499f977e58d49caab,
        type: 3}
      propertyPath: m_textInfo.lineCount
      value: 1
      objectReference: {fileID: 0}
    - target: {fileID: 7796518878609910533, guid: db7adb68a368ce8499f977e58d49caab,
        type: 3}
      propertyPath: m_textInfo.pageCount
      value: 1
      objectReference: {fileID: 0}
    - target: {fileID: 7796518878609910533, guid: db7adb68a368ce8499f977e58d49caab,
        type: 3}
      propertyPath: m_text
      value: Volgende
      objectReference: {fileID: 0}
    m_RemovedComponents: []
  m_SourcePrefab: {fileID: 100100000, guid: db7adb68a368ce8499f977e58d49caab, type: 3}
--- !u!224 &1675133852152118484 stripped
RectTransform:
  m_CorrespondingSourceObject: {fileID: 4533132889391689618, guid: db7adb68a368ce8499f977e58d49caab,
    type: 3}
  m_PrefabInstance: {fileID: 3015064316217316166}
  m_PrefabAsset: {fileID: 0}
--- !u!1001 &5839227803421141415
PrefabInstance:
  m_ObjectHideFlags: 0
  serializedVersion: 2
  m_Modification:
    m_TransformParent: {fileID: 6740192748625681537}
    m_Modifications:
    - target: {fileID: 6906609953352179451, guid: 46d993481fb3be14088573616c5fa2ea,
        type: 3}
      propertyPath: m_Name
      value: Description
      objectReference: {fileID: 0}
    - target: {fileID: 8057464993399123371, guid: 46d993481fb3be14088573616c5fa2ea,
        type: 3}
      propertyPath: m_LocalPosition.x
      value: 0
      objectReference: {fileID: 0}
    - target: {fileID: 8057464993399123371, guid: 46d993481fb3be14088573616c5fa2ea,
        type: 3}
      propertyPath: m_LocalPosition.y
      value: 0
      objectReference: {fileID: 0}
    - target: {fileID: 8057464993399123371, guid: 46d993481fb3be14088573616c5fa2ea,
        type: 3}
      propertyPath: m_LocalPosition.z
      value: 0
      objectReference: {fileID: 0}
    - target: {fileID: 8057464993399123371, guid: 46d993481fb3be14088573616c5fa2ea,
        type: 3}
      propertyPath: m_LocalRotation.x
      value: -0
      objectReference: {fileID: 0}
    - target: {fileID: 8057464993399123371, guid: 46d993481fb3be14088573616c5fa2ea,
        type: 3}
      propertyPath: m_LocalRotation.y
      value: 0.0000001788139
      objectReference: {fileID: 0}
    - target: {fileID: 8057464993399123371, guid: 46d993481fb3be14088573616c5fa2ea,
        type: 3}
      propertyPath: m_LocalRotation.z
      value: -0
      objectReference: {fileID: 0}
    - target: {fileID: 8057464993399123371, guid: 46d993481fb3be14088573616c5fa2ea,
        type: 3}
      propertyPath: m_LocalRotation.w
      value: 1
      objectReference: {fileID: 0}
    - target: {fileID: 8057464993399123371, guid: 46d993481fb3be14088573616c5fa2ea,
        type: 3}
      propertyPath: m_RootOrder
      value: 1
      objectReference: {fileID: 0}
    - target: {fileID: 8057464993399123371, guid: 46d993481fb3be14088573616c5fa2ea,
        type: 3}
      propertyPath: m_LocalEulerAnglesHint.x
      value: 0
      objectReference: {fileID: 0}
    - target: {fileID: 8057464993399123371, guid: 46d993481fb3be14088573616c5fa2ea,
        type: 3}
      propertyPath: m_LocalEulerAnglesHint.y
      value: 0
      objectReference: {fileID: 0}
    - target: {fileID: 8057464993399123371, guid: 46d993481fb3be14088573616c5fa2ea,
        type: 3}
      propertyPath: m_LocalEulerAnglesHint.z
      value: 0
      objectReference: {fileID: 0}
    - target: {fileID: 8057464993399123371, guid: 46d993481fb3be14088573616c5fa2ea,
        type: 3}
      propertyPath: m_AnchoredPosition.x
      value: 15
      objectReference: {fileID: 0}
    - target: {fileID: 8057464993399123371, guid: 46d993481fb3be14088573616c5fa2ea,
        type: 3}
      propertyPath: m_AnchoredPosition.y
      value: 0
      objectReference: {fileID: 0}
    - target: {fileID: 8057464993399123371, guid: 46d993481fb3be14088573616c5fa2ea,
        type: 3}
      propertyPath: m_SizeDelta.x
      value: 160
      objectReference: {fileID: 0}
    - target: {fileID: 8057464993399123371, guid: 46d993481fb3be14088573616c5fa2ea,
        type: 3}
      propertyPath: m_SizeDelta.y
      value: 0
      objectReference: {fileID: 0}
    - target: {fileID: 8057464993399123371, guid: 46d993481fb3be14088573616c5fa2ea,
        type: 3}
      propertyPath: m_AnchorMin.x
      value: 0
      objectReference: {fileID: 0}
    - target: {fileID: 8057464993399123371, guid: 46d993481fb3be14088573616c5fa2ea,
        type: 3}
      propertyPath: m_AnchorMin.y
      value: 0
      objectReference: {fileID: 0}
    - target: {fileID: 8057464993399123371, guid: 46d993481fb3be14088573616c5fa2ea,
        type: 3}
      propertyPath: m_AnchorMax.x
      value: 0
      objectReference: {fileID: 0}
    - target: {fileID: 8057464993399123371, guid: 46d993481fb3be14088573616c5fa2ea,
        type: 3}
      propertyPath: m_AnchorMax.y
      value: 0
      objectReference: {fileID: 0}
    - target: {fileID: 8057464993399123371, guid: 46d993481fb3be14088573616c5fa2ea,
        type: 3}
      propertyPath: m_Pivot.x
      value: 0
      objectReference: {fileID: 0}
    - target: {fileID: 8057464993399123371, guid: 46d993481fb3be14088573616c5fa2ea,
        type: 3}
      propertyPath: m_Pivot.y
      value: 1
      objectReference: {fileID: 0}
    - target: {fileID: 8719991327088703111, guid: 46d993481fb3be14088573616c5fa2ea,
        type: 3}
      propertyPath: m_textInfo.characterCount
      value: 191
      objectReference: {fileID: 0}
    - target: {fileID: 8719991327088703111, guid: 46d993481fb3be14088573616c5fa2ea,
        type: 3}
      propertyPath: m_textInfo.spaceCount
      value: 26
      objectReference: {fileID: 0}
    - target: {fileID: 8719991327088703111, guid: 46d993481fb3be14088573616c5fa2ea,
        type: 3}
      propertyPath: m_textInfo.wordCount
      value: 27
      objectReference: {fileID: 0}
    - target: {fileID: 8719991327088703111, guid: 46d993481fb3be14088573616c5fa2ea,
        type: 3}
      propertyPath: m_textInfo.lineCount
      value: 7
      objectReference: {fileID: 0}
    - target: {fileID: 8719991327088703111, guid: 46d993481fb3be14088573616c5fa2ea,
        type: 3}
      propertyPath: m_textInfo.pageCount
      value: 1
      objectReference: {fileID: 0}
    - target: {fileID: 8719991327088703111, guid: 46d993481fb3be14088573616c5fa2ea,
        type: 3}
      propertyPath: m_text
      value: Lorem ipsum dolor sit amet, consectetuer adipiscing elit. Aenean commodo
        ligula eget dolor. Aenean massa. Cum sociis natoque penatibus et magnis dis
        parturient montes, nascetur ridiculus mus.
      objectReference: {fileID: 0}
    m_RemovedComponents: []
  m_SourcePrefab: {fileID: 100100000, guid: 46d993481fb3be14088573616c5fa2ea, type: 3}
--- !u!224 &4528588259411051532 stripped
RectTransform:
  m_CorrespondingSourceObject: {fileID: 8057464993399123371, guid: 46d993481fb3be14088573616c5fa2ea,
    type: 3}
  m_PrefabInstance: {fileID: 5839227803421141415}
  m_PrefabAsset: {fileID: 0}
--- !u!1001 &9069343729656091815
PrefabInstance:
  m_ObjectHideFlags: 0
  serializedVersion: 2
  m_Modification:
    m_TransformParent: {fileID: 6740192748625681537}
    m_Modifications:
    - target: {fileID: 3174651646217744799, guid: 6b2f948b02e1a9d4caa1a1bbb1cdd150,
        type: 3}
      propertyPath: m_Name
      value: Heading
      objectReference: {fileID: 0}
    - target: {fileID: 3477292699936455023, guid: 6b2f948b02e1a9d4caa1a1bbb1cdd150,
        type: 3}
      propertyPath: m_textInfo.characterCount
      value: 5
      objectReference: {fileID: 0}
    - target: {fileID: 3477292699936455023, guid: 6b2f948b02e1a9d4caa1a1bbb1cdd150,
        type: 3}
      propertyPath: m_textInfo.wordCount
      value: 1
      objectReference: {fileID: 0}
    - target: {fileID: 3477292699936455023, guid: 6b2f948b02e1a9d4caa1a1bbb1cdd150,
        type: 3}
      propertyPath: m_textInfo.lineCount
      value: 1
      objectReference: {fileID: 0}
    - target: {fileID: 3477292699936455023, guid: 6b2f948b02e1a9d4caa1a1bbb1cdd150,
        type: 3}
      propertyPath: m_textInfo.pageCount
      value: 1
      objectReference: {fileID: 0}
    - target: {fileID: 3477292699936455023, guid: 6b2f948b02e1a9d4caa1a1bbb1cdd150,
        type: 3}
      propertyPath: m_fontColor.r
      value: 1
      objectReference: {fileID: 0}
    - target: {fileID: 3477292699936455023, guid: 6b2f948b02e1a9d4caa1a1bbb1cdd150,
        type: 3}
      propertyPath: m_fontColor.g
      value: 1
      objectReference: {fileID: 0}
    - target: {fileID: 3477292699936455023, guid: 6b2f948b02e1a9d4caa1a1bbb1cdd150,
        type: 3}
      propertyPath: m_fontColor.b
      value: 1
      objectReference: {fileID: 0}
    - target: {fileID: 3477292699936455023, guid: 6b2f948b02e1a9d4caa1a1bbb1cdd150,
        type: 3}
      propertyPath: m_fontColor32.rgba
      value: 4294967295
      objectReference: {fileID: 0}
    - target: {fileID: 3477292699936455023, guid: 6b2f948b02e1a9d4caa1a1bbb1cdd150,
        type: 3}
      propertyPath: m_isRightToLeft
      value: 0
      objectReference: {fileID: 0}
    - target: {fileID: 3477292699936455023, guid: 6b2f948b02e1a9d4caa1a1bbb1cdd150,
        type: 3}
      propertyPath: m_text
      value: Titel
      objectReference: {fileID: 0}
    - target: {fileID: 7108151189366248583, guid: 6b2f948b02e1a9d4caa1a1bbb1cdd150,
        type: 3}
      propertyPath: m_LocalPosition.x
      value: 0
      objectReference: {fileID: 0}
    - target: {fileID: 7108151189366248583, guid: 6b2f948b02e1a9d4caa1a1bbb1cdd150,
        type: 3}
      propertyPath: m_LocalPosition.y
      value: 0
      objectReference: {fileID: 0}
    - target: {fileID: 7108151189366248583, guid: 6b2f948b02e1a9d4caa1a1bbb1cdd150,
        type: 3}
      propertyPath: m_LocalPosition.z
      value: 0
      objectReference: {fileID: 0}
    - target: {fileID: 7108151189366248583, guid: 6b2f948b02e1a9d4caa1a1bbb1cdd150,
        type: 3}
      propertyPath: m_LocalRotation.x
      value: -0
      objectReference: {fileID: 0}
    - target: {fileID: 7108151189366248583, guid: 6b2f948b02e1a9d4caa1a1bbb1cdd150,
        type: 3}
      propertyPath: m_LocalRotation.y
      value: 0.000000119209275
      objectReference: {fileID: 0}
    - target: {fileID: 7108151189366248583, guid: 6b2f948b02e1a9d4caa1a1bbb1cdd150,
        type: 3}
      propertyPath: m_LocalRotation.z
      value: -0
      objectReference: {fileID: 0}
    - target: {fileID: 7108151189366248583, guid: 6b2f948b02e1a9d4caa1a1bbb1cdd150,
        type: 3}
      propertyPath: m_LocalRotation.w
      value: 1
      objectReference: {fileID: 0}
    - target: {fileID: 7108151189366248583, guid: 6b2f948b02e1a9d4caa1a1bbb1cdd150,
        type: 3}
      propertyPath: m_RootOrder
      value: 0
      objectReference: {fileID: 0}
    - target: {fileID: 7108151189366248583, guid: 6b2f948b02e1a9d4caa1a1bbb1cdd150,
        type: 3}
      propertyPath: m_LocalEulerAnglesHint.x
      value: 0
      objectReference: {fileID: 0}
    - target: {fileID: 7108151189366248583, guid: 6b2f948b02e1a9d4caa1a1bbb1cdd150,
        type: 3}
      propertyPath: m_LocalEulerAnglesHint.y
      value: 0
      objectReference: {fileID: 0}
    - target: {fileID: 7108151189366248583, guid: 6b2f948b02e1a9d4caa1a1bbb1cdd150,
        type: 3}
      propertyPath: m_LocalEulerAnglesHint.z
      value: 0
      objectReference: {fileID: 0}
    - target: {fileID: 7108151189366248583, guid: 6b2f948b02e1a9d4caa1a1bbb1cdd150,
        type: 3}
      propertyPath: m_AnchoredPosition.x
      value: 15
      objectReference: {fileID: 0}
    - target: {fileID: 7108151189366248583, guid: 6b2f948b02e1a9d4caa1a1bbb1cdd150,
        type: 3}
      propertyPath: m_AnchoredPosition.y
      value: 0
      objectReference: {fileID: 0}
    - target: {fileID: 7108151189366248583, guid: 6b2f948b02e1a9d4caa1a1bbb1cdd150,
        type: 3}
      propertyPath: m_SizeDelta.x
      value: 160
      objectReference: {fileID: 0}
    - target: {fileID: 7108151189366248583, guid: 6b2f948b02e1a9d4caa1a1bbb1cdd150,
        type: 3}
      propertyPath: m_SizeDelta.y
      value: 0
      objectReference: {fileID: 0}
    - target: {fileID: 7108151189366248583, guid: 6b2f948b02e1a9d4caa1a1bbb1cdd150,
        type: 3}
      propertyPath: m_AnchorMin.x
      value: 0
      objectReference: {fileID: 0}
    - target: {fileID: 7108151189366248583, guid: 6b2f948b02e1a9d4caa1a1bbb1cdd150,
        type: 3}
      propertyPath: m_AnchorMin.y
      value: 0
      objectReference: {fileID: 0}
    - target: {fileID: 7108151189366248583, guid: 6b2f948b02e1a9d4caa1a1bbb1cdd150,
        type: 3}
      propertyPath: m_AnchorMax.x
      value: 0
      objectReference: {fileID: 0}
    - target: {fileID: 7108151189366248583, guid: 6b2f948b02e1a9d4caa1a1bbb1cdd150,
        type: 3}
      propertyPath: m_AnchorMax.y
      value: 0
      objectReference: {fileID: 0}
    - target: {fileID: 7108151189366248583, guid: 6b2f948b02e1a9d4caa1a1bbb1cdd150,
        type: 3}
      propertyPath: m_Pivot.x
      value: 0
      objectReference: {fileID: 0}
    - target: {fileID: 7108151189366248583, guid: 6b2f948b02e1a9d4caa1a1bbb1cdd150,
        type: 3}
      propertyPath: m_Pivot.y
      value: 1
      objectReference: {fileID: 0}
    - target: {fileID: 7108151189366248583, guid: 6b2f948b02e1a9d4caa1a1bbb1cdd150,
        type: 3}
      propertyPath: m_LocalScale.x
      value: 1
      objectReference: {fileID: 0}
    - target: {fileID: 7108151189366248583, guid: 6b2f948b02e1a9d4caa1a1bbb1cdd150,
        type: 3}
      propertyPath: m_LocalScale.y
      value: 1
      objectReference: {fileID: 0}
    - target: {fileID: 7108151189366248583, guid: 6b2f948b02e1a9d4caa1a1bbb1cdd150,
        type: 3}
      propertyPath: m_LocalScale.z
      value: 1
      objectReference: {fileID: 0}
    m_RemovedComponents: []
  m_SourcePrefab: {fileID: 100100000, guid: 6b2f948b02e1a9d4caa1a1bbb1cdd150, type: 3}
--- !u!224 &2268109739456151584 stripped
RectTransform:
  m_CorrespondingSourceObject: {fileID: 7108151189366248583, guid: 6b2f948b02e1a9d4caa1a1bbb1cdd150,
    type: 3}
  m_PrefabInstance: {fileID: 9069343729656091815}
  m_PrefabAsset: {fileID: 0}
