%YAML 1.1
%TAG !u! tag:unity3d.com,2011:
--- !u!1 &4589859522702974241
GameObject:
  m_ObjectHideFlags: 0
  m_CorrespondingSourceObject: {fileID: 0}
  m_PrefabInstance: {fileID: 0}
  m_PrefabAsset: {fileID: 0}
  serializedVersion: 6
  m_Component:
  - component: {fileID: 7618383251666174484}
  - component: {fileID: 4747072688319513769}
  - component: {fileID: 3155630504312308604}
  m_Layer: 0
  m_Name: Header
  m_TagString: Untagged
  m_Icon: {fileID: 0}
  m_NavMeshLayer: 0
  m_StaticEditorFlags: 0
  m_IsActive: 1
--- !u!224 &7618383251666174484
RectTransform:
  m_ObjectHideFlags: 0
  m_CorrespondingSourceObject: {fileID: 0}
  m_PrefabInstance: {fileID: 0}
  m_PrefabAsset: {fileID: 0}
  m_GameObject: {fileID: 4589859522702974241}
  m_LocalRotation: {x: 0, y: 0, z: 0, w: 1}
  m_LocalPosition: {x: 0, y: 0, z: 0}
  m_LocalScale: {x: 1, y: 1, z: 1}
  m_Children:
  - {fileID: 7199359559688835746}
  - {fileID: 4715108193122570842}
  m_Father: {fileID: 5212647974378534863}
  m_RootOrder: 0
  m_LocalEulerAnglesHint: {x: 0, y: 0, z: 0}
  m_AnchorMin: {x: 0, y: 0}
  m_AnchorMax: {x: 0, y: 0}
  m_AnchoredPosition: {x: 20, y: 0}
  m_SizeDelta: {x: 0, y: 0}
  m_Pivot: {x: 0, y: 1}
--- !u!114 &4747072688319513769
MonoBehaviour:
  m_ObjectHideFlags: 0
  m_CorrespondingSourceObject: {fileID: 0}
  m_PrefabInstance: {fileID: 0}
  m_PrefabAsset: {fileID: 0}
  m_GameObject: {fileID: 4589859522702974241}
  m_Enabled: 1
  m_EditorHideFlags: 0
  m_Script: {fileID: 11500000, guid: 59f8146938fff824cb5fd77236b75775, type: 3}
  m_Name: 
  m_EditorClassIdentifier: 
  m_Padding:
    m_Left: 15
    m_Right: 15
    m_Top: 15
    m_Bottom: 15
  m_ChildAlignment: 0
  m_Spacing: 10
  m_ChildForceExpandWidth: 1
  m_ChildForceExpandHeight: 1
  m_ChildControlWidth: 0
  m_ChildControlHeight: 0
  m_ChildScaleWidth: 0
  m_ChildScaleHeight: 0
--- !u!114 &3155630504312308604
MonoBehaviour:
  m_ObjectHideFlags: 0
  m_CorrespondingSourceObject: {fileID: 0}
  m_PrefabInstance: {fileID: 0}
  m_PrefabAsset: {fileID: 0}
  m_GameObject: {fileID: 4589859522702974241}
  m_Enabled: 1
  m_EditorHideFlags: 0
  m_Script: {fileID: 11500000, guid: 3245ec927659c4140ac4f8d17403cc18, type: 3}
  m_Name: 
  m_EditorClassIdentifier: 
  m_HorizontalFit: 2
  m_VerticalFit: 2
--- !u!1 &6214718163114057133
GameObject:
  m_ObjectHideFlags: 0
  m_CorrespondingSourceObject: {fileID: 0}
  m_PrefabInstance: {fileID: 0}
  m_PrefabAsset: {fileID: 0}
  serializedVersion: 6
  m_Component:
  - component: {fileID: 5212647974378534863}
  - component: {fileID: 7409563303914526041}
  - component: {fileID: 374688807024623248}
  - component: {fileID: 2867566977288284479}
  - component: {fileID: 9013298151665720584}
  m_Layer: 0
  m_Name: HandMirroring
  m_TagString: Untagged
  m_Icon: {fileID: 0}
  m_NavMeshLayer: 0
  m_StaticEditorFlags: 4294967295
  m_IsActive: 1
--- !u!224 &5212647974378534863
RectTransform:
  m_ObjectHideFlags: 0
  m_CorrespondingSourceObject: {fileID: 0}
  m_PrefabInstance: {fileID: 0}
  m_PrefabAsset: {fileID: 0}
  m_GameObject: {fileID: 6214718163114057133}
  m_LocalRotation: {x: -0, y: -0, z: -0, w: 1}
  m_LocalPosition: {x: 0, y: 0, z: 0}
  m_LocalScale: {x: 1, y: 1, z: 1}
  m_Children:
  - {fileID: 7618383251666174484}
  - {fileID: 8483096920032798268}
  m_Father: {fileID: 0}
  m_RootOrder: 0
  m_LocalEulerAnglesHint: {x: 0, y: 0, z: 0}
  m_AnchorMin: {x: 0, y: 1}
  m_AnchorMax: {x: 0, y: 1}
  m_AnchoredPosition: {x: 0, y: 0}
  m_SizeDelta: {x: 0, y: 0}
  m_Pivot: {x: 0, y: 1}
--- !u!222 &7409563303914526041
CanvasRenderer:
  m_ObjectHideFlags: 0
  m_CorrespondingSourceObject: {fileID: 0}
  m_PrefabInstance: {fileID: 0}
  m_PrefabAsset: {fileID: 0}
  m_GameObject: {fileID: 6214718163114057133}
  m_CullTransparentMesh: 0
--- !u!114 &374688807024623248
MonoBehaviour:
  m_ObjectHideFlags: 0
  m_CorrespondingSourceObject: {fileID: 0}
  m_PrefabInstance: {fileID: 0}
  m_PrefabAsset: {fileID: 0}
  m_GameObject: {fileID: 6214718163114057133}
  m_Enabled: 1
  m_EditorHideFlags: 0
  m_Script: {fileID: 11500000, guid: fe87c0e1cc204ed48ad3b37840f39efc, type: 3}
  m_Name: 
  m_EditorClassIdentifier: 
  m_Material: {fileID: 0}
  m_Color: {r: 1, g: 1, b: 1, a: 1}
  m_RaycastTarget: 1
  m_Maskable: 1
  m_OnCullStateChanged:
    m_PersistentCalls:
      m_Calls: []
  m_Sprite: {fileID: 21300000, guid: 58f20faddd3c65a4b914761e8b5802c5, type: 3}
  m_Type: 1
  m_PreserveAspect: 0
  m_FillCenter: 1
  m_FillMethod: 4
  m_FillAmount: 1
  m_FillClockwise: 1
  m_FillOrigin: 0
  m_UseSpriteMesh: 0
  m_PixelsPerUnitMultiplier: 1
--- !u!114 &2867566977288284479
MonoBehaviour:
  m_ObjectHideFlags: 0
  m_CorrespondingSourceObject: {fileID: 0}
  m_PrefabInstance: {fileID: 0}
  m_PrefabAsset: {fileID: 0}
  m_GameObject: {fileID: 6214718163114057133}
  m_Enabled: 1
  m_EditorHideFlags: 0
  m_Script: {fileID: 11500000, guid: 59f8146938fff824cb5fd77236b75775, type: 3}
  m_Name: 
  m_EditorClassIdentifier: 
  m_Padding:
    m_Left: 20
    m_Right: 20
    m_Top: 20
    m_Bottom: 20
  m_ChildAlignment: 0
  m_Spacing: 0
  m_ChildForceExpandWidth: 1
  m_ChildForceExpandHeight: 1
  m_ChildControlWidth: 0
  m_ChildControlHeight: 0
  m_ChildScaleWidth: 0
  m_ChildScaleHeight: 0
--- !u!114 &9013298151665720584
MonoBehaviour:
  m_ObjectHideFlags: 0
  m_CorrespondingSourceObject: {fileID: 0}
  m_PrefabInstance: {fileID: 0}
  m_PrefabAsset: {fileID: 0}
  m_GameObject: {fileID: 6214718163114057133}
  m_Enabled: 1
  m_EditorHideFlags: 0
  m_Script: {fileID: 11500000, guid: 3245ec927659c4140ac4f8d17403cc18, type: 3}
  m_Name: 
  m_EditorClassIdentifier: 
  m_HorizontalFit: 2
  m_VerticalFit: 2
--- !u!1001 &93584626020435493
PrefabInstance:
  m_ObjectHideFlags: 0
  serializedVersion: 2
  m_Modification:
    m_TransformParent: {fileID: 7618383251666174484}
    m_Modifications:
    - target: {fileID: 3174651646217744799, guid: 6b2f948b02e1a9d4caa1a1bbb1cdd150,
        type: 3}
      propertyPath: m_Name
      value: Heading
      objectReference: {fileID: 0}
    - target: {fileID: 3477292699936455023, guid: 6b2f948b02e1a9d4caa1a1bbb1cdd150,
        type: 3}
      propertyPath: m_textInfo.characterCount
      value: 15
      objectReference: {fileID: 0}
    - target: {fileID: 3477292699936455023, guid: 6b2f948b02e1a9d4caa1a1bbb1cdd150,
        type: 3}
      propertyPath: m_textInfo.wordCount
      value: 2
      objectReference: {fileID: 0}
    - target: {fileID: 3477292699936455023, guid: 6b2f948b02e1a9d4caa1a1bbb1cdd150,
        type: 3}
      propertyPath: m_textInfo.lineCount
      value: 1
      objectReference: {fileID: 0}
    - target: {fileID: 3477292699936455023, guid: 6b2f948b02e1a9d4caa1a1bbb1cdd150,
        type: 3}
      propertyPath: m_textInfo.pageCount
      value: 1
      objectReference: {fileID: 0}
    - target: {fileID: 3477292699936455023, guid: 6b2f948b02e1a9d4caa1a1bbb1cdd150,
        type: 3}
      propertyPath: m_text
      value: Hand spiegeling
      objectReference: {fileID: 0}
    - target: {fileID: 3477292699936455023, guid: 6b2f948b02e1a9d4caa1a1bbb1cdd150,
        type: 3}
      propertyPath: m_textInfo.spaceCount
      value: 1
      objectReference: {fileID: 0}
    - target: {fileID: 7108151189366248583, guid: 6b2f948b02e1a9d4caa1a1bbb1cdd150,
        type: 3}
      propertyPath: m_LocalPosition.x
      value: 0
      objectReference: {fileID: 0}
    - target: {fileID: 7108151189366248583, guid: 6b2f948b02e1a9d4caa1a1bbb1cdd150,
        type: 3}
      propertyPath: m_LocalPosition.y
      value: 0
      objectReference: {fileID: 0}
    - target: {fileID: 7108151189366248583, guid: 6b2f948b02e1a9d4caa1a1bbb1cdd150,
        type: 3}
      propertyPath: m_LocalPosition.z
      value: 0.97087574
      objectReference: {fileID: 0}
    - target: {fileID: 7108151189366248583, guid: 6b2f948b02e1a9d4caa1a1bbb1cdd150,
        type: 3}
      propertyPath: m_LocalRotation.x
      value: -0
      objectReference: {fileID: 0}
    - target: {fileID: 7108151189366248583, guid: 6b2f948b02e1a9d4caa1a1bbb1cdd150,
        type: 3}
      propertyPath: m_LocalRotation.y
      value: -0.000000119209275
      objectReference: {fileID: 0}
    - target: {fileID: 7108151189366248583, guid: 6b2f948b02e1a9d4caa1a1bbb1cdd150,
        type: 3}
      propertyPath: m_LocalRotation.z
      value: -0
      objectReference: {fileID: 0}
    - target: {fileID: 7108151189366248583, guid: 6b2f948b02e1a9d4caa1a1bbb1cdd150,
        type: 3}
      propertyPath: m_LocalRotation.w
      value: -1
      objectReference: {fileID: 0}
    - target: {fileID: 7108151189366248583, guid: 6b2f948b02e1a9d4caa1a1bbb1cdd150,
        type: 3}
      propertyPath: m_RootOrder
      value: 0
      objectReference: {fileID: 0}
    - target: {fileID: 7108151189366248583, guid: 6b2f948b02e1a9d4caa1a1bbb1cdd150,
        type: 3}
      propertyPath: m_LocalEulerAnglesHint.x
      value: 0
      objectReference: {fileID: 0}
    - target: {fileID: 7108151189366248583, guid: 6b2f948b02e1a9d4caa1a1bbb1cdd150,
        type: 3}
      propertyPath: m_LocalEulerAnglesHint.y
      value: 0
      objectReference: {fileID: 0}
    - target: {fileID: 7108151189366248583, guid: 6b2f948b02e1a9d4caa1a1bbb1cdd150,
        type: 3}
      propertyPath: m_LocalEulerAnglesHint.z
      value: 0
      objectReference: {fileID: 0}
    - target: {fileID: 7108151189366248583, guid: 6b2f948b02e1a9d4caa1a1bbb1cdd150,
        type: 3}
      propertyPath: m_AnchoredPosition.x
      value: 15
      objectReference: {fileID: 0}
    - target: {fileID: 7108151189366248583, guid: 6b2f948b02e1a9d4caa1a1bbb1cdd150,
        type: 3}
      propertyPath: m_AnchoredPosition.y
      value: 0
      objectReference: {fileID: 0}
    - target: {fileID: 7108151189366248583, guid: 6b2f948b02e1a9d4caa1a1bbb1cdd150,
        type: 3}
      propertyPath: m_SizeDelta.x
      value: 160
      objectReference: {fileID: 0}
    - target: {fileID: 7108151189366248583, guid: 6b2f948b02e1a9d4caa1a1bbb1cdd150,
        type: 3}
      propertyPath: m_SizeDelta.y
      value: 0
      objectReference: {fileID: 0}
    - target: {fileID: 7108151189366248583, guid: 6b2f948b02e1a9d4caa1a1bbb1cdd150,
        type: 3}
      propertyPath: m_AnchorMin.x
      value: 0
      objectReference: {fileID: 0}
    - target: {fileID: 7108151189366248583, guid: 6b2f948b02e1a9d4caa1a1bbb1cdd150,
        type: 3}
      propertyPath: m_AnchorMin.y
      value: 0
      objectReference: {fileID: 0}
    - target: {fileID: 7108151189366248583, guid: 6b2f948b02e1a9d4caa1a1bbb1cdd150,
        type: 3}
      propertyPath: m_AnchorMax.x
      value: 0
      objectReference: {fileID: 0}
    - target: {fileID: 7108151189366248583, guid: 6b2f948b02e1a9d4caa1a1bbb1cdd150,
        type: 3}
      propertyPath: m_AnchorMax.y
      value: 0
      objectReference: {fileID: 0}
    - target: {fileID: 7108151189366248583, guid: 6b2f948b02e1a9d4caa1a1bbb1cdd150,
        type: 3}
      propertyPath: m_Pivot.x
      value: 0
      objectReference: {fileID: 0}
    - target: {fileID: 7108151189366248583, guid: 6b2f948b02e1a9d4caa1a1bbb1cdd150,
        type: 3}
      propertyPath: m_Pivot.y
      value: 1
      objectReference: {fileID: 0}
    - target: {fileID: 7108151189366248583, guid: 6b2f948b02e1a9d4caa1a1bbb1cdd150,
        type: 3}
      propertyPath: m_LocalScale.x
      value: 1
      objectReference: {fileID: 0}
    - target: {fileID: 7108151189366248583, guid: 6b2f948b02e1a9d4caa1a1bbb1cdd150,
        type: 3}
      propertyPath: m_LocalScale.y
      value: 1
      objectReference: {fileID: 0}
    - target: {fileID: 7108151189366248583, guid: 6b2f948b02e1a9d4caa1a1bbb1cdd150,
        type: 3}
      propertyPath: m_LocalScale.z
      value: 1
      objectReference: {fileID: 0}
    m_RemovedComponents: []
  m_SourcePrefab: {fileID: 100100000, guid: 6b2f948b02e1a9d4caa1a1bbb1cdd150, type: 3}
--- !u!224 &7199359559688835746 stripped
RectTransform:
  m_CorrespondingSourceObject: {fileID: 7108151189366248583, guid: 6b2f948b02e1a9d4caa1a1bbb1cdd150,
    type: 3}
  m_PrefabInstance: {fileID: 93584626020435493}
  m_PrefabAsset: {fileID: 0}
--- !u!1001 &1781238955452626995
PrefabInstance:
  m_ObjectHideFlags: 0
  serializedVersion: 2
  m_Modification:
    m_TransformParent: {fileID: 5212647974378534863}
    m_Modifications:
    - target: {fileID: 2636197191356528970, guid: b22983334fef4a84c8508b3e7138e174,
        type: 3}
      propertyPath: m_Name
      value: ToggleList
      objectReference: {fileID: 0}
    - target: {fileID: 7854903167938764303, guid: b22983334fef4a84c8508b3e7138e174,
        type: 3}
      propertyPath: m_LocalPosition.x
      value: 0
      objectReference: {fileID: 0}
    - target: {fileID: 7854903167938764303, guid: b22983334fef4a84c8508b3e7138e174,
        type: 3}
      propertyPath: m_LocalPosition.y
      value: 0
      objectReference: {fileID: 0}
    - target: {fileID: 7854903167938764303, guid: b22983334fef4a84c8508b3e7138e174,
        type: 3}
      propertyPath: m_LocalPosition.z
      value: 0
      objectReference: {fileID: 0}
    - target: {fileID: 7854903167938764303, guid: b22983334fef4a84c8508b3e7138e174,
        type: 3}
      propertyPath: m_LocalRotation.x
      value: -0
      objectReference: {fileID: 0}
    - target: {fileID: 7854903167938764303, guid: b22983334fef4a84c8508b3e7138e174,
        type: 3}
      propertyPath: m_LocalRotation.y
      value: -0
      objectReference: {fileID: 0}
    - target: {fileID: 7854903167938764303, guid: b22983334fef4a84c8508b3e7138e174,
        type: 3}
      propertyPath: m_LocalRotation.z
      value: -0
      objectReference: {fileID: 0}
    - target: {fileID: 7854903167938764303, guid: b22983334fef4a84c8508b3e7138e174,
        type: 3}
      propertyPath: m_LocalRotation.w
      value: -1
      objectReference: {fileID: 0}
    - target: {fileID: 7854903167938764303, guid: b22983334fef4a84c8508b3e7138e174,
        type: 3}
      propertyPath: m_RootOrder
      value: 1
      objectReference: {fileID: 0}
    - target: {fileID: 7854903167938764303, guid: b22983334fef4a84c8508b3e7138e174,
        type: 3}
      propertyPath: m_LocalEulerAnglesHint.x
      value: 0
      objectReference: {fileID: 0}
    - target: {fileID: 7854903167938764303, guid: b22983334fef4a84c8508b3e7138e174,
        type: 3}
      propertyPath: m_LocalEulerAnglesHint.y
      value: 0
      objectReference: {fileID: 0}
    - target: {fileID: 7854903167938764303, guid: b22983334fef4a84c8508b3e7138e174,
        type: 3}
      propertyPath: m_LocalEulerAnglesHint.z
      value: 0
      objectReference: {fileID: 0}
    - target: {fileID: 7854903167938764303, guid: b22983334fef4a84c8508b3e7138e174,
        type: 3}
      propertyPath: m_AnchoredPosition.x
      value: 70
      objectReference: {fileID: 0}
    - target: {fileID: 7854903167938764303, guid: b22983334fef4a84c8508b3e7138e174,
        type: 3}
      propertyPath: m_AnchoredPosition.y
      value: 0
      objectReference: {fileID: 0}
    - target: {fileID: 7854903167938764303, guid: b22983334fef4a84c8508b3e7138e174,
        type: 3}
      propertyPath: m_SizeDelta.x
      value: 100
      objectReference: {fileID: 0}
    - target: {fileID: 7854903167938764303, guid: b22983334fef4a84c8508b3e7138e174,
        type: 3}
      propertyPath: m_SizeDelta.y
      value: 0
      objectReference: {fileID: 0}
    - target: {fileID: 7854903167938764303, guid: b22983334fef4a84c8508b3e7138e174,
        type: 3}
      propertyPath: m_AnchorMin.x
      value: 0
      objectReference: {fileID: 0}
    - target: {fileID: 7854903167938764303, guid: b22983334fef4a84c8508b3e7138e174,
        type: 3}
      propertyPath: m_AnchorMin.y
      value: 0
      objectReference: {fileID: 0}
    - target: {fileID: 7854903167938764303, guid: b22983334fef4a84c8508b3e7138e174,
        type: 3}
      propertyPath: m_AnchorMax.x
      value: 0
      objectReference: {fileID: 0}
    - target: {fileID: 7854903167938764303, guid: b22983334fef4a84c8508b3e7138e174,
        type: 3}
      propertyPath: m_AnchorMax.y
      value: 0
      objectReference: {fileID: 0}
    - target: {fileID: 7854903167938764303, guid: b22983334fef4a84c8508b3e7138e174,
        type: 3}
      propertyPath: m_Pivot.x
      value: 0.5
      objectReference: {fileID: 0}
    - target: {fileID: 7854903167938764303, guid: b22983334fef4a84c8508b3e7138e174,
        type: 3}
      propertyPath: m_Pivot.y
      value: 0.5
      objectReference: {fileID: 0}
    m_RemovedComponents: []
  m_SourcePrefab: {fileID: 100100000, guid: b22983334fef4a84c8508b3e7138e174, type: 3}
--- !u!224 &8483096920032798268 stripped
RectTransform:
  m_CorrespondingSourceObject: {fileID: 7854903167938764303, guid: b22983334fef4a84c8508b3e7138e174,
    type: 3}
  m_PrefabInstance: {fileID: 1781238955452626995}
  m_PrefabAsset: {fileID: 0}
--- !u!114 &1720736596430203327 stripped
MonoBehaviour:
  m_CorrespondingSourceObject: {fileID: 1106042405559980428, guid: b22983334fef4a84c8508b3e7138e174,
    type: 3}
  m_PrefabInstance: {fileID: 1781238955452626995}
  m_PrefabAsset: {fileID: 0}
  m_GameObject: {fileID: 0}
  m_Enabled: 1
  m_EditorHideFlags: 0
  m_Script: {fileID: 11500000, guid: 2fafe2cfe61f6974895a912c3755e8f1, type: 3}
  m_Name: 
  m_EditorClassIdentifier: 
--- !u!1001 &3368323442404884465
PrefabInstance:
  m_ObjectHideFlags: 0
  serializedVersion: 2
  m_Modification:
    m_TransformParent: {fileID: 7618383251666174484}
    m_Modifications:
    - target: {fileID: 6906609953352179451, guid: 46d993481fb3be14088573616c5fa2ea,
        type: 3}
      propertyPath: m_Name
      value: Description
      objectReference: {fileID: 0}
    - target: {fileID: 8057464993399123371, guid: 46d993481fb3be14088573616c5fa2ea,
        type: 3}
      propertyPath: m_LocalPosition.x
      value: 0
      objectReference: {fileID: 0}
    - target: {fileID: 8057464993399123371, guid: 46d993481fb3be14088573616c5fa2ea,
        type: 3}
      propertyPath: m_LocalPosition.y
      value: 0
      objectReference: {fileID: 0}
    - target: {fileID: 8057464993399123371, guid: 46d993481fb3be14088573616c5fa2ea,
        type: 3}
      propertyPath: m_LocalPosition.z
      value: 0
      objectReference: {fileID: 0}
    - target: {fileID: 8057464993399123371, guid: 46d993481fb3be14088573616c5fa2ea,
        type: 3}
      propertyPath: m_LocalRotation.x
      value: -0
      objectReference: {fileID: 0}
    - target: {fileID: 8057464993399123371, guid: 46d993481fb3be14088573616c5fa2ea,
        type: 3}
      propertyPath: m_LocalRotation.y
      value: 0.000000059604623
      objectReference: {fileID: 0}
    - target: {fileID: 8057464993399123371, guid: 46d993481fb3be14088573616c5fa2ea,
        type: 3}
      propertyPath: m_LocalRotation.z
      value: -0
      objectReference: {fileID: 0}
    - target: {fileID: 8057464993399123371, guid: 46d993481fb3be14088573616c5fa2ea,
        type: 3}
      propertyPath: m_LocalRotation.w
      value: 1
      objectReference: {fileID: 0}
    - target: {fileID: 8057464993399123371, guid: 46d993481fb3be14088573616c5fa2ea,
        type: 3}
      propertyPath: m_RootOrder
      value: 1
      objectReference: {fileID: 0}
    - target: {fileID: 8057464993399123371, guid: 46d993481fb3be14088573616c5fa2ea,
        type: 3}
      propertyPath: m_LocalEulerAnglesHint.x
      value: 0
      objectReference: {fileID: 0}
    - target: {fileID: 8057464993399123371, guid: 46d993481fb3be14088573616c5fa2ea,
        type: 3}
      propertyPath: m_LocalEulerAnglesHint.y
      value: 0
      objectReference: {fileID: 0}
    - target: {fileID: 8057464993399123371, guid: 46d993481fb3be14088573616c5fa2ea,
        type: 3}
      propertyPath: m_LocalEulerAnglesHint.z
      value: 0
      objectReference: {fileID: 0}
    - target: {fileID: 8057464993399123371, guid: 46d993481fb3be14088573616c5fa2ea,
        type: 3}
      propertyPath: m_AnchoredPosition.x
      value: 15
      objectReference: {fileID: 0}
    - target: {fileID: 8057464993399123371, guid: 46d993481fb3be14088573616c5fa2ea,
        type: 3}
      propertyPath: m_AnchoredPosition.y
      value: 0
      objectReference: {fileID: 0}
    - target: {fileID: 8057464993399123371, guid: 46d993481fb3be14088573616c5fa2ea,
        type: 3}
      propertyPath: m_SizeDelta.x
      value: 160
      objectReference: {fileID: 0}
    - target: {fileID: 8057464993399123371, guid: 46d993481fb3be14088573616c5fa2ea,
        type: 3}
      propertyPath: m_SizeDelta.y
      value: 0
      objectReference: {fileID: 0}
    - target: {fileID: 8057464993399123371, guid: 46d993481fb3be14088573616c5fa2ea,
        type: 3}
      propertyPath: m_AnchorMin.x
      value: 0
      objectReference: {fileID: 0}
    - target: {fileID: 8057464993399123371, guid: 46d993481fb3be14088573616c5fa2ea,
        type: 3}
      propertyPath: m_AnchorMin.y
      value: 0
      objectReference: {fileID: 0}
    - target: {fileID: 8057464993399123371, guid: 46d993481fb3be14088573616c5fa2ea,
        type: 3}
      propertyPath: m_AnchorMax.x
      value: 0
      objectReference: {fileID: 0}
    - target: {fileID: 8057464993399123371, guid: 46d993481fb3be14088573616c5fa2ea,
        type: 3}
      propertyPath: m_AnchorMax.y
      value: 0
      objectReference: {fileID: 0}
    - target: {fileID: 8057464993399123371, guid: 46d993481fb3be14088573616c5fa2ea,
        type: 3}
      propertyPath: m_Pivot.x
      value: 0
      objectReference: {fileID: 0}
    - target: {fileID: 8057464993399123371, guid: 46d993481fb3be14088573616c5fa2ea,
        type: 3}
      propertyPath: m_Pivot.y
      value: 1
      objectReference: {fileID: 0}
    - target: {fileID: 8719991327088703111, guid: 46d993481fb3be14088573616c5fa2ea,
        type: 3}
      propertyPath: m_textInfo.characterCount
      value: 56
      objectReference: {fileID: 0}
    - target: {fileID: 8719991327088703111, guid: 46d993481fb3be14088573616c5fa2ea,
        type: 3}
      propertyPath: m_textInfo.spaceCount
      value: 9
      objectReference: {fileID: 0}
    - target: {fileID: 8719991327088703111, guid: 46d993481fb3be14088573616c5fa2ea,
        type: 3}
      propertyPath: m_textInfo.wordCount
      value: 10
      objectReference: {fileID: 0}
    - target: {fileID: 8719991327088703111, guid: 46d993481fb3be14088573616c5fa2ea,
        type: 3}
      propertyPath: m_textInfo.lineCount
      value: 2
      objectReference: {fileID: 0}
    - target: {fileID: 8719991327088703111, guid: 46d993481fb3be14088573616c5fa2ea,
        type: 3}
      propertyPath: m_textInfo.pageCount
      value: 1
      objectReference: {fileID: 0}
    - target: {fileID: 8719991327088703111, guid: 46d993481fb3be14088573616c5fa2ea,
        type: 3}
      propertyPath: m_fontColor.r
      value: 0
      objectReference: {fileID: 0}
    - target: {fileID: 8719991327088703111, guid: 46d993481fb3be14088573616c5fa2ea,
        type: 3}
      propertyPath: m_fontColor.g
      value: 0
      objectReference: {fileID: 0}
    - target: {fileID: 8719991327088703111, guid: 46d993481fb3be14088573616c5fa2ea,
        type: 3}
      propertyPath: m_fontColor.b
      value: 0
      objectReference: {fileID: 0}
    - target: {fileID: 8719991327088703111, guid: 46d993481fb3be14088573616c5fa2ea,
        type: 3}
      propertyPath: m_fontColor32.rgba
      value: 3422552064
      objectReference: {fileID: 0}
    - target: {fileID: 8719991327088703111, guid: 46d993481fb3be14088573616c5fa2ea,
        type: 3}
      propertyPath: m_text
      value: Kies welk hand u wil laten spiegelen voor de oefeningen.
      objectReference: {fileID: 0}
    m_RemovedComponents: []
  m_SourcePrefab: {fileID: 100100000, guid: 46d993481fb3be14088573616c5fa2ea, type: 3}
--- !u!224 &4715108193122570842 stripped
RectTransform:
  m_CorrespondingSourceObject: {fileID: 8057464993399123371, guid: 46d993481fb3be14088573616c5fa2ea,
    type: 3}
  m_PrefabInstance: {fileID: 3368323442404884465}
  m_PrefabAsset: {fileID: 0}
--- !u!1001 &4357825043554267179
PrefabInstance:
  m_ObjectHideFlags: 0
  serializedVersion: 2
  m_Modification:
    m_TransformParent: {fileID: 8483096920032798268}
    m_Modifications:
    - target: {fileID: 1860541287457116410, guid: aaeec741f2da0cd46ba4519e257f3d0d,
        type: 3}
      propertyPath: m_Group
      value: 
      objectReference: {fileID: 1720736596430203327}
    - target: {fileID: 1866779177898137219, guid: aaeec741f2da0cd46ba4519e257f3d0d,
        type: 3}
      propertyPath: m_Name
      value: ToggleButton (2)
      objectReference: {fileID: 0}
    - target: {fileID: 2739934528492172192, guid: aaeec741f2da0cd46ba4519e257f3d0d,
        type: 3}
      propertyPath: m_SizeDelta.x
      value: 0
      objectReference: {fileID: 0}
    - target: {fileID: 3132275174756936549, guid: aaeec741f2da0cd46ba4519e257f3d0d,
        type: 3}
      propertyPath: m_Sprite
      value: 
      objectReference: {fileID: 21300000, guid: 60c47506b41c5934198f6b71ee5ead3f,
        type: 3}
    - target: {fileID: 3207018840146610121, guid: aaeec741f2da0cd46ba4519e257f3d0d,
        type: 3}
      propertyPath: m_LocalPosition.x
      value: 0
      objectReference: {fileID: 0}
    - target: {fileID: 3207018840146610121, guid: aaeec741f2da0cd46ba4519e257f3d0d,
        type: 3}
      propertyPath: m_LocalPosition.y
      value: 0
      objectReference: {fileID: 0}
    - target: {fileID: 3207018840146610121, guid: aaeec741f2da0cd46ba4519e257f3d0d,
        type: 3}
      propertyPath: m_LocalPosition.z
      value: 0
      objectReference: {fileID: 0}
    - target: {fileID: 3207018840146610121, guid: aaeec741f2da0cd46ba4519e257f3d0d,
        type: 3}
      propertyPath: m_LocalRotation.x
      value: -0
      objectReference: {fileID: 0}
    - target: {fileID: 3207018840146610121, guid: aaeec741f2da0cd46ba4519e257f3d0d,
        type: 3}
      propertyPath: m_LocalRotation.y
      value: -0
      objectReference: {fileID: 0}
    - target: {fileID: 3207018840146610121, guid: aaeec741f2da0cd46ba4519e257f3d0d,
        type: 3}
      propertyPath: m_LocalRotation.z
      value: -0
      objectReference: {fileID: 0}
    - target: {fileID: 3207018840146610121, guid: aaeec741f2da0cd46ba4519e257f3d0d,
        type: 3}
      propertyPath: m_LocalRotation.w
      value: 1
      objectReference: {fileID: 0}
    - target: {fileID: 3207018840146610121, guid: aaeec741f2da0cd46ba4519e257f3d0d,
        type: 3}
      propertyPath: m_RootOrder
      value: 2
      objectReference: {fileID: 0}
    - target: {fileID: 3207018840146610121, guid: aaeec741f2da0cd46ba4519e257f3d0d,
        type: 3}
      propertyPath: m_LocalEulerAnglesHint.x
      value: 0
      objectReference: {fileID: 0}
    - target: {fileID: 3207018840146610121, guid: aaeec741f2da0cd46ba4519e257f3d0d,
        type: 3}
      propertyPath: m_LocalEulerAnglesHint.y
      value: 0
      objectReference: {fileID: 0}
    - target: {fileID: 3207018840146610121, guid: aaeec741f2da0cd46ba4519e257f3d0d,
        type: 3}
      propertyPath: m_LocalEulerAnglesHint.z
      value: 0
      objectReference: {fileID: 0}
    - target: {fileID: 3207018840146610121, guid: aaeec741f2da0cd46ba4519e257f3d0d,
        type: 3}
      propertyPath: m_AnchoredPosition.x
      value: 0
      objectReference: {fileID: 0}
    - target: {fileID: 3207018840146610121, guid: aaeec741f2da0cd46ba4519e257f3d0d,
        type: 3}
      propertyPath: m_AnchoredPosition.y
      value: 0
      objectReference: {fileID: 0}
    - target: {fileID: 3207018840146610121, guid: aaeec741f2da0cd46ba4519e257f3d0d,
        type: 3}
      propertyPath: m_SizeDelta.x
      value: 190
      objectReference: {fileID: 0}
    - target: {fileID: 3207018840146610121, guid: aaeec741f2da0cd46ba4519e257f3d0d,
        type: 3}
      propertyPath: m_SizeDelta.y
      value: 50
      objectReference: {fileID: 0}
    - target: {fileID: 3207018840146610121, guid: aaeec741f2da0cd46ba4519e257f3d0d,
        type: 3}
      propertyPath: m_AnchorMin.x
      value: 0
      objectReference: {fileID: 0}
    - target: {fileID: 3207018840146610121, guid: aaeec741f2da0cd46ba4519e257f3d0d,
        type: 3}
      propertyPath: m_AnchorMin.y
      value: 0
      objectReference: {fileID: 0}
    - target: {fileID: 3207018840146610121, guid: aaeec741f2da0cd46ba4519e257f3d0d,
        type: 3}
      propertyPath: m_AnchorMax.x
      value: 0
      objectReference: {fileID: 0}
    - target: {fileID: 3207018840146610121, guid: aaeec741f2da0cd46ba4519e257f3d0d,
        type: 3}
      propertyPath: m_AnchorMax.y
      value: 0
      objectReference: {fileID: 0}
    - target: {fileID: 3207018840146610121, guid: aaeec741f2da0cd46ba4519e257f3d0d,
        type: 3}
      propertyPath: m_Pivot.x
      value: 0
      objectReference: {fileID: 0}
    - target: {fileID: 3207018840146610121, guid: aaeec741f2da0cd46ba4519e257f3d0d,
        type: 3}
      propertyPath: m_Pivot.y
      value: 1
      objectReference: {fileID: 0}
    - target: {fileID: 9105080392814412638, guid: aaeec741f2da0cd46ba4519e257f3d0d,
        type: 3}
      propertyPath: m_textInfo.characterCount
      value: 11
      objectReference: {fileID: 0}
    - target: {fileID: 9105080392814412638, guid: aaeec741f2da0cd46ba4519e257f3d0d,
        type: 3}
      propertyPath: m_textInfo.spaceCount
      value: 0
      objectReference: {fileID: 0}
    - target: {fileID: 9105080392814412638, guid: aaeec741f2da0cd46ba4519e257f3d0d,
        type: 3}
      propertyPath: m_textInfo.wordCount
      value: 1
      objectReference: {fileID: 0}
    - target: {fileID: 9105080392814412638, guid: aaeec741f2da0cd46ba4519e257f3d0d,
        type: 3}
      propertyPath: m_textInfo.lineCount
      value: 1
      objectReference: {fileID: 0}
    - target: {fileID: 9105080392814412638, guid: aaeec741f2da0cd46ba4519e257f3d0d,
        type: 3}
      propertyPath: m_textInfo.pageCount
      value: 1
      objectReference: {fileID: 0}
    - target: {fileID: 9105080392814412638, guid: aaeec741f2da0cd46ba4519e257f3d0d,
        type: 3}
      propertyPath: m_text
      value: Rechterhand
      objectReference: {fileID: 0}
    m_RemovedComponents: []
  m_SourcePrefab: {fileID: 100100000, guid: aaeec741f2da0cd46ba4519e257f3d0d, type: 3}
--- !u!1001 &4946601652841338304
PrefabInstance:
  m_ObjectHideFlags: 0
  serializedVersion: 2
  m_Modification:
    m_TransformParent: {fileID: 8483096920032798268}
    m_Modifications:
    - target: {fileID: 1860541287457116410, guid: aaeec741f2da0cd46ba4519e257f3d0d,
        type: 3}
      propertyPath: m_Group
      value: 
      objectReference: {fileID: 1720736596430203327}
    - target: {fileID: 1860541287457116410, guid: aaeec741f2da0cd46ba4519e257f3d0d,
        type: 3}
      propertyPath: m_IsOn
      value: 1
      objectReference: {fileID: 0}
    - target: {fileID: 1866779177898137219, guid: aaeec741f2da0cd46ba4519e257f3d0d,
        type: 3}
      propertyPath: m_Name
      value: ToggleButton
      objectReference: {fileID: 0}
    - target: {fileID: 2739934528492172192, guid: aaeec741f2da0cd46ba4519e257f3d0d,
        type: 3}
      propertyPath: m_SizeDelta.x
      value: 0
      objectReference: {fileID: 0}
    - target: {fileID: 3132275174756936549, guid: aaeec741f2da0cd46ba4519e257f3d0d,
        type: 3}
      propertyPath: m_Sprite
      value: 
      objectReference: {fileID: 21300000, guid: c1df9c192e0cb3640ba0a5a238514668,
        type: 3}
    - target: {fileID: 3207018840146610121, guid: aaeec741f2da0cd46ba4519e257f3d0d,
        type: 3}
      propertyPath: m_LocalPosition.x
      value: 0
      objectReference: {fileID: 0}
    - target: {fileID: 3207018840146610121, guid: aaeec741f2da0cd46ba4519e257f3d0d,
        type: 3}
      propertyPath: m_LocalPosition.y
      value: 0
      objectReference: {fileID: 0}
    - target: {fileID: 3207018840146610121, guid: aaeec741f2da0cd46ba4519e257f3d0d,
        type: 3}
      propertyPath: m_LocalPosition.z
      value: 0
      objectReference: {fileID: 0}
    - target: {fileID: 3207018840146610121, guid: aaeec741f2da0cd46ba4519e257f3d0d,
        type: 3}
      propertyPath: m_LocalRotation.x
      value: -0
      objectReference: {fileID: 0}
    - target: {fileID: 3207018840146610121, guid: aaeec741f2da0cd46ba4519e257f3d0d,
        type: 3}
      propertyPath: m_LocalRotation.y
      value: -0
      objectReference: {fileID: 0}
    - target: {fileID: 3207018840146610121, guid: aaeec741f2da0cd46ba4519e257f3d0d,
        type: 3}
      propertyPath: m_LocalRotation.z
      value: -0
      objectReference: {fileID: 0}
    - target: {fileID: 3207018840146610121, guid: aaeec741f2da0cd46ba4519e257f3d0d,
        type: 3}
      propertyPath: m_LocalRotation.w
      value: 1
      objectReference: {fileID: 0}
    - target: {fileID: 3207018840146610121, guid: aaeec741f2da0cd46ba4519e257f3d0d,
        type: 3}
      propertyPath: m_RootOrder
      value: 0
      objectReference: {fileID: 0}
    - target: {fileID: 3207018840146610121, guid: aaeec741f2da0cd46ba4519e257f3d0d,
        type: 3}
      propertyPath: m_LocalEulerAnglesHint.x
      value: 0
      objectReference: {fileID: 0}
    - target: {fileID: 3207018840146610121, guid: aaeec741f2da0cd46ba4519e257f3d0d,
        type: 3}
      propertyPath: m_LocalEulerAnglesHint.y
      value: 0
      objectReference: {fileID: 0}
    - target: {fileID: 3207018840146610121, guid: aaeec741f2da0cd46ba4519e257f3d0d,
        type: 3}
      propertyPath: m_LocalEulerAnglesHint.z
      value: 0
      objectReference: {fileID: 0}
    - target: {fileID: 3207018840146610121, guid: aaeec741f2da0cd46ba4519e257f3d0d,
        type: 3}
      propertyPath: m_AnchoredPosition.x
      value: 0
      objectReference: {fileID: 0}
    - target: {fileID: 3207018840146610121, guid: aaeec741f2da0cd46ba4519e257f3d0d,
        type: 3}
      propertyPath: m_AnchoredPosition.y
      value: 0
      objectReference: {fileID: 0}
    - target: {fileID: 3207018840146610121, guid: aaeec741f2da0cd46ba4519e257f3d0d,
        type: 3}
      propertyPath: m_SizeDelta.x
      value: 190
      objectReference: {fileID: 0}
    - target: {fileID: 3207018840146610121, guid: aaeec741f2da0cd46ba4519e257f3d0d,
        type: 3}
      propertyPath: m_SizeDelta.y
      value: 50
      objectReference: {fileID: 0}
    - target: {fileID: 3207018840146610121, guid: aaeec741f2da0cd46ba4519e257f3d0d,
        type: 3}
      propertyPath: m_AnchorMin.x
      value: 0
      objectReference: {fileID: 0}
    - target: {fileID: 3207018840146610121, guid: aaeec741f2da0cd46ba4519e257f3d0d,
        type: 3}
      propertyPath: m_AnchorMin.y
      value: 0
      objectReference: {fileID: 0}
    - target: {fileID: 3207018840146610121, guid: aaeec741f2da0cd46ba4519e257f3d0d,
        type: 3}
      propertyPath: m_AnchorMax.x
      value: 0
      objectReference: {fileID: 0}
    - target: {fileID: 3207018840146610121, guid: aaeec741f2da0cd46ba4519e257f3d0d,
        type: 3}
      propertyPath: m_AnchorMax.y
      value: 0
      objectReference: {fileID: 0}
    - target: {fileID: 3207018840146610121, guid: aaeec741f2da0cd46ba4519e257f3d0d,
        type: 3}
      propertyPath: m_Pivot.x
      value: 0
      objectReference: {fileID: 0}
    - target: {fileID: 3207018840146610121, guid: aaeec741f2da0cd46ba4519e257f3d0d,
        type: 3}
      propertyPath: m_Pivot.y
      value: 1
      objectReference: {fileID: 0}
    - target: {fileID: 9105080392814412638, guid: aaeec741f2da0cd46ba4519e257f3d0d,
        type: 3}
      propertyPath: m_textInfo.characterCount
      value: 13
      objectReference: {fileID: 0}
    - target: {fileID: 9105080392814412638, guid: aaeec741f2da0cd46ba4519e257f3d0d,
        type: 3}
      propertyPath: m_textInfo.spaceCount
      value: 0
      objectReference: {fileID: 0}
    - target: {fileID: 9105080392814412638, guid: aaeec741f2da0cd46ba4519e257f3d0d,
        type: 3}
      propertyPath: m_textInfo.wordCount
      value: 1
      objectReference: {fileID: 0}
    - target: {fileID: 9105080392814412638, guid: aaeec741f2da0cd46ba4519e257f3d0d,
        type: 3}
      propertyPath: m_textInfo.lineCount
      value: 1
      objectReference: {fileID: 0}
    - target: {fileID: 9105080392814412638, guid: aaeec741f2da0cd46ba4519e257f3d0d,
        type: 3}
      propertyPath: m_textInfo.pageCount
      value: 1
      objectReference: {fileID: 0}
    - target: {fileID: 9105080392814412638, guid: aaeec741f2da0cd46ba4519e257f3d0d,
        type: 3}
      propertyPath: m_text
      value: Uitgeschakeld
      objectReference: {fileID: 0}
    m_RemovedComponents: []
  m_SourcePrefab: {fileID: 100100000, guid: aaeec741f2da0cd46ba4519e257f3d0d, type: 3}
--- !u!1001 &5719843173883408353
PrefabInstance:
  m_ObjectHideFlags: 0
  serializedVersion: 2
  m_Modification:
    m_TransformParent: {fileID: 8483096920032798268}
    m_Modifications:
    - target: {fileID: 1860541287457116410, guid: aaeec741f2da0cd46ba4519e257f3d0d,
        type: 3}
      propertyPath: m_Group
      value: 
      objectReference: {fileID: 1720736596430203327}
    - target: {fileID: 1866779177898137219, guid: aaeec741f2da0cd46ba4519e257f3d0d,
        type: 3}
      propertyPath: m_Name
      value: ToggleButton (1)
      objectReference: {fileID: 0}
    - target: {fileID: 2739934528492172192, guid: aaeec741f2da0cd46ba4519e257f3d0d,
        type: 3}
      propertyPath: m_SizeDelta.x
      value: 0
      objectReference: {fileID: 0}
    - target: {fileID: 3132275174756936549, guid: aaeec741f2da0cd46ba4519e257f3d0d,
        type: 3}
      propertyPath: m_Sprite
      value: 
      objectReference: {fileID: 21300000, guid: a12c013dcd8745340ac9f8c98f10d245,
        type: 3}
    - target: {fileID: 3207018840146610121, guid: aaeec741f2da0cd46ba4519e257f3d0d,
        type: 3}
      propertyPath: m_LocalPosition.x
      value: 0
      objectReference: {fileID: 0}
    - target: {fileID: 3207018840146610121, guid: aaeec741f2da0cd46ba4519e257f3d0d,
        type: 3}
      propertyPath: m_LocalPosition.y
      value: 0
      objectReference: {fileID: 0}
    - target: {fileID: 3207018840146610121, guid: aaeec741f2da0cd46ba4519e257f3d0d,
        type: 3}
      propertyPath: m_LocalPosition.z
      value: 0
      objectReference: {fileID: 0}
    - target: {fileID: 3207018840146610121, guid: aaeec741f2da0cd46ba4519e257f3d0d,
        type: 3}
      propertyPath: m_LocalRotation.x
      value: -0
      objectReference: {fileID: 0}
    - target: {fileID: 3207018840146610121, guid: aaeec741f2da0cd46ba4519e257f3d0d,
        type: 3}
      propertyPath: m_LocalRotation.y
      value: -0
      objectReference: {fileID: 0}
    - target: {fileID: 3207018840146610121, guid: aaeec741f2da0cd46ba4519e257f3d0d,
        type: 3}
      propertyPath: m_LocalRotation.z
      value: -0
      objectReference: {fileID: 0}
    - target: {fileID: 3207018840146610121, guid: aaeec741f2da0cd46ba4519e257f3d0d,
        type: 3}
      propertyPath: m_LocalRotation.w
      value: 1
      objectReference: {fileID: 0}
    - target: {fileID: 3207018840146610121, guid: aaeec741f2da0cd46ba4519e257f3d0d,
        type: 3}
      propertyPath: m_RootOrder
      value: 1
      objectReference: {fileID: 0}
    - target: {fileID: 3207018840146610121, guid: aaeec741f2da0cd46ba4519e257f3d0d,
        type: 3}
      propertyPath: m_LocalEulerAnglesHint.x
      value: 0
      objectReference: {fileID: 0}
    - target: {fileID: 3207018840146610121, guid: aaeec741f2da0cd46ba4519e257f3d0d,
        type: 3}
      propertyPath: m_LocalEulerAnglesHint.y
      value: 0
      objectReference: {fileID: 0}
    - target: {fileID: 3207018840146610121, guid: aaeec741f2da0cd46ba4519e257f3d0d,
        type: 3}
      propertyPath: m_LocalEulerAnglesHint.z
      value: 0
      objectReference: {fileID: 0}
    - target: {fileID: 3207018840146610121, guid: aaeec741f2da0cd46ba4519e257f3d0d,
        type: 3}
      propertyPath: m_AnchoredPosition.x
      value: 0
      objectReference: {fileID: 0}
    - target: {fileID: 3207018840146610121, guid: aaeec741f2da0cd46ba4519e257f3d0d,
        type: 3}
      propertyPath: m_AnchoredPosition.y
      value: 0
      objectReference: {fileID: 0}
    - target: {fileID: 3207018840146610121, guid: aaeec741f2da0cd46ba4519e257f3d0d,
        type: 3}
      propertyPath: m_SizeDelta.x
      value: 190
      objectReference: {fileID: 0}
    - target: {fileID: 3207018840146610121, guid: aaeec741f2da0cd46ba4519e257f3d0d,
        type: 3}
      propertyPath: m_SizeDelta.y
      value: 50
      objectReference: {fileID: 0}
    - target: {fileID: 3207018840146610121, guid: aaeec741f2da0cd46ba4519e257f3d0d,
        type: 3}
      propertyPath: m_AnchorMin.x
      value: 0
      objectReference: {fileID: 0}
    - target: {fileID: 3207018840146610121, guid: aaeec741f2da0cd46ba4519e257f3d0d,
        type: 3}
      propertyPath: m_AnchorMin.y
      value: 0
      objectReference: {fileID: 0}
    - target: {fileID: 3207018840146610121, guid: aaeec741f2da0cd46ba4519e257f3d0d,
        type: 3}
      propertyPath: m_AnchorMax.x
      value: 0
      objectReference: {fileID: 0}
    - target: {fileID: 3207018840146610121, guid: aaeec741f2da0cd46ba4519e257f3d0d,
        type: 3}
      propertyPath: m_AnchorMax.y
      value: 0
      objectReference: {fileID: 0}
    - target: {fileID: 3207018840146610121, guid: aaeec741f2da0cd46ba4519e257f3d0d,
        type: 3}
      propertyPath: m_Pivot.x
      value: 0
      objectReference: {fileID: 0}
    - target: {fileID: 3207018840146610121, guid: aaeec741f2da0cd46ba4519e257f3d0d,
        type: 3}
      propertyPath: m_Pivot.y
      value: 1
      objectReference: {fileID: 0}
    - target: {fileID: 9105080392814412638, guid: aaeec741f2da0cd46ba4519e257f3d0d,
        type: 3}
      propertyPath: m_textInfo.characterCount
      value: 10
      objectReference: {fileID: 0}
    - target: {fileID: 9105080392814412638, guid: aaeec741f2da0cd46ba4519e257f3d0d,
        type: 3}
      propertyPath: m_textInfo.spaceCount
      value: 0
      objectReference: {fileID: 0}
    - target: {fileID: 9105080392814412638, guid: aaeec741f2da0cd46ba4519e257f3d0d,
        type: 3}
      propertyPath: m_textInfo.wordCount
      value: 1
      objectReference: {fileID: 0}
    - target: {fileID: 9105080392814412638, guid: aaeec741f2da0cd46ba4519e257f3d0d,
        type: 3}
      propertyPath: m_textInfo.lineCount
      value: 1
      objectReference: {fileID: 0}
    - target: {fileID: 9105080392814412638, guid: aaeec741f2da0cd46ba4519e257f3d0d,
        type: 3}
      propertyPath: m_textInfo.pageCount
      value: 1
      objectReference: {fileID: 0}
    - target: {fileID: 9105080392814412638, guid: aaeec741f2da0cd46ba4519e257f3d0d,
        type: 3}
      propertyPath: m_text
      value: Linkerhand
      objectReference: {fileID: 0}
    m_RemovedComponents: []
  m_SourcePrefab: {fileID: 100100000, guid: aaeec741f2da0cd46ba4519e257f3d0d, type: 3}
