%YAML 1.1
%TAG !u! tag:unity3d.com,2011:
--- !u!1 &1100421521978750221
GameObject:
  m_ObjectHideFlags: 0
  m_CorrespondingSourceObject: {fileID: 0}
  m_PrefabInstance: {fileID: 0}
  m_PrefabAsset: {fileID: 0}
  serializedVersion: 6
  m_Component:
  - component: {fileID: 5987345453477790609}
  - component: {fileID: 1343673553007293502}
  - component: {fileID: 6665143287458679828}
  m_Layer: 0
  m_Name: MenuGrid
  m_TagString: Untagged
  m_Icon: {fileID: 0}
  m_NavMeshLayer: 0
  m_StaticEditorFlags: 0
  m_IsActive: 1
--- !u!224 &5987345453477790609
RectTransform:
  m_ObjectHideFlags: 0
  m_CorrespondingSourceObject: {fileID: 0}
  m_PrefabInstance: {fileID: 0}
  m_PrefabAsset: {fileID: 0}
  m_GameObject: {fileID: 1100421521978750221}
  m_LocalRotation: {x: -0, y: -0, z: -0, w: 1}
  m_LocalPosition: {x: 0, y: 0, z: 0}
  m_LocalScale: {x: 1, y: 1, z: 1}
  m_Children:
  - {fileID: 7647722129444124542}
  - {fileID: 7647722129628000296}
  m_Father: {fileID: 5868532026809826135}
  m_RootOrder: 0
  m_LocalEulerAnglesHint: {x: 0, y: 0, z: 0}
  m_AnchorMin: {x: 0.5, y: 0.5}
  m_AnchorMax: {x: 0.5, y: 0.5}
  m_AnchoredPosition: {x: 0, y: -1.2199707}
  m_SizeDelta: {x: 0, y: 0}
  m_Pivot: {x: 0.5, y: 0.5}
--- !u!114 &1343673553007293502
MonoBehaviour:
  m_ObjectHideFlags: 0
  m_CorrespondingSourceObject: {fileID: 0}
  m_PrefabInstance: {fileID: 0}
  m_PrefabAsset: {fileID: 0}
  m_GameObject: {fileID: 1100421521978750221}
  m_Enabled: 1
  m_EditorHideFlags: 0
  m_Script: {fileID: 11500000, guid: 3245ec927659c4140ac4f8d17403cc18, type: 3}
  m_Name: 
  m_EditorClassIdentifier: 
  m_HorizontalFit: 1
  m_VerticalFit: 2
--- !u!114 &6665143287458679828
MonoBehaviour:
  m_ObjectHideFlags: 0
  m_CorrespondingSourceObject: {fileID: 0}
  m_PrefabInstance: {fileID: 0}
  m_PrefabAsset: {fileID: 0}
  m_GameObject: {fileID: 1100421521978750221}
  m_Enabled: 1
  m_EditorHideFlags: 0
  m_Script: {fileID: 11500000, guid: 30649d3a9faa99c48a7b1166b86bf2a0, type: 3}
  m_Name: 
  m_EditorClassIdentifier: 
  m_Padding:
    m_Left: 0
    m_Right: 0
    m_Top: 0
    m_Bottom: 0
  m_ChildAlignment: 0
  m_Spacing: 20
  m_ChildForceExpandWidth: 1
  m_ChildForceExpandHeight: 1
  m_ChildControlWidth: 0
  m_ChildControlHeight: 0
  m_ChildScaleWidth: 1
  m_ChildScaleHeight: 1
--- !u!1 &5868532026809826132
GameObject:
  m_ObjectHideFlags: 0
  m_CorrespondingSourceObject: {fileID: 0}
  m_PrefabInstance: {fileID: 0}
  m_PrefabAsset: {fileID: 0}
  serializedVersion: 6
  m_Component:
  - component: {fileID: 5868532026809826135}
  - component: {fileID: 5868532026809826131}
  - component: {fileID: 5868532026809826128}
  - component: {fileID: 5868532026809826129}
  - component: {fileID: 5868532026809826134}
  m_Layer: 0
  m_Name: EntranceInterface
  m_TagString: Untagged
  m_Icon: {fileID: 0}
  m_NavMeshLayer: 0
  m_StaticEditorFlags: 0
  m_IsActive: 1
--- !u!224 &5868532026809826135
RectTransform:
  m_ObjectHideFlags: 0
  m_CorrespondingSourceObject: {fileID: 0}
  m_PrefabInstance: {fileID: 0}
  m_PrefabAsset: {fileID: 0}
  m_GameObject: {fileID: 5868532026809826132}
  m_LocalRotation: {x: 0, y: 0, z: 0, w: 1}
  m_LocalPosition: {x: 0, y: 0, z: 0}
  m_LocalScale: {x: 1, y: 1, z: 1}
  m_Children:
  - {fileID: 5987345453477790609}
  m_Father: {fileID: 0}
  m_RootOrder: 0
  m_LocalEulerAnglesHint: {x: 0, y: 0, z: 0}
  m_AnchorMin: {x: 0, y: 0}
  m_AnchorMax: {x: 0, y: 0}
  m_AnchoredPosition: {x: -0, y: 0}
  m_SizeDelta: {x: 0, y: 0}
  m_Pivot: {x: 0.5, y: 0.5}
--- !u!223 &5868532026809826131
Canvas:
  m_ObjectHideFlags: 0
  m_CorrespondingSourceObject: {fileID: 0}
  m_PrefabInstance: {fileID: 0}
  m_PrefabAsset: {fileID: 0}
  m_GameObject: {fileID: 5868532026809826132}
  m_Enabled: 1
  serializedVersion: 3
  m_RenderMode: 2
  m_Camera: {fileID: 0}
  m_PlaneDistance: 100
  m_PixelPerfect: 0
  m_ReceivesEvents: 1
  m_OverrideSorting: 0
  m_OverridePixelPerfect: 0
  m_SortingBucketNormalizedSize: 0
  m_AdditionalShaderChannelsFlag: 25
  m_SortingLayerID: 0
  m_SortingOrder: 0
  m_TargetDisplay: 0
--- !u!114 &5868532026809826128
MonoBehaviour:
  m_ObjectHideFlags: 0
  m_CorrespondingSourceObject: {fileID: 0}
  m_PrefabInstance: {fileID: 0}
  m_PrefabAsset: {fileID: 0}
  m_GameObject: {fileID: 5868532026809826132}
  m_Enabled: 1
  m_EditorHideFlags: 0
  m_Script: {fileID: 11500000, guid: 0cd44c1031e13a943bb63640046fad76, type: 3}
  m_Name: 
  m_EditorClassIdentifier: 
  m_UiScaleMode: 0
  m_ReferencePixelsPerUnit: 100
  m_ScaleFactor: 1
  m_ReferenceResolution: {x: 800, y: 600}
  m_ScreenMatchMode: 0
  m_MatchWidthOrHeight: 0
  m_PhysicalUnit: 3
  m_FallbackScreenDPI: 96
  m_DefaultSpriteDPI: 96
  m_DynamicPixelsPerUnit: 1
--- !u!114 &5868532026809826129
MonoBehaviour:
  m_ObjectHideFlags: 0
  m_CorrespondingSourceObject: {fileID: 0}
  m_PrefabInstance: {fileID: 0}
  m_PrefabAsset: {fileID: 0}
  m_GameObject: {fileID: 5868532026809826132}
  m_Enabled: 1
  m_EditorHideFlags: 0
  m_Script: {fileID: 11500000, guid: dc42784cf147c0c48a680349fa168899, type: 3}
  m_Name: 
  m_EditorClassIdentifier: 
  m_IgnoreReversedGraphics: 1
  m_BlockingObjects: 0
  m_BlockingMask:
    serializedVersion: 2
    m_Bits: 4294967295
--- !u!114 &5868532026809826134
MonoBehaviour:
  m_ObjectHideFlags: 0
  m_CorrespondingSourceObject: {fileID: 0}
  m_PrefabInstance: {fileID: 0}
  m_PrefabAsset: {fileID: 0}
  m_GameObject: {fileID: 5868532026809826132}
  m_Enabled: 1
  m_EditorHideFlags: 0
  m_Script: {fileID: 11500000, guid: 3245ec927659c4140ac4f8d17403cc18, type: 3}
  m_Name: 
  m_EditorClassIdentifier: 
  m_HorizontalFit: 2
  m_VerticalFit: 2
--- !u!1001 &695345741020526990
PrefabInstance:
  m_ObjectHideFlags: 0
  serializedVersion: 2
  m_Modification:
    m_TransformParent: {fileID: 7647722129444124542}
    m_Modifications:
    - target: {fileID: 2907253238576118955, guid: b7365ddfb16463d449ebf9be3d7c2406,
        type: 3}
      propertyPath: m_textInfo.characterCount
      value: 30
      objectReference: {fileID: 0}
    - target: {fileID: 2907253238576118955, guid: b7365ddfb16463d449ebf9be3d7c2406,
        type: 3}
      propertyPath: m_textInfo.wordCount
      value: 6
      objectReference: {fileID: 0}
    - target: {fileID: 2907253238576118955, guid: b7365ddfb16463d449ebf9be3d7c2406,
        type: 3}
      propertyPath: m_textInfo.lineCount
      value: 2
      objectReference: {fileID: 0}
    - target: {fileID: 2907253238576118955, guid: b7365ddfb16463d449ebf9be3d7c2406,
        type: 3}
      propertyPath: m_textInfo.pageCount
      value: 1
      objectReference: {fileID: 0}
    - target: {fileID: 2907253238576118955, guid: b7365ddfb16463d449ebf9be3d7c2406,
        type: 3}
      propertyPath: m_text
      value: U bevindt zich in de entreehal
      objectReference: {fileID: 0}
    - target: {fileID: 2907253238576118955, guid: b7365ddfb16463d449ebf9be3d7c2406,
        type: 3}
      propertyPath: m_textInfo.spaceCount
      value: 5
      objectReference: {fileID: 0}
    - target: {fileID: 3023758596467817090, guid: b7365ddfb16463d449ebf9be3d7c2406,
        type: 3}
      propertyPath: m_LocalPosition.x
      value: 0
      objectReference: {fileID: 0}
    - target: {fileID: 3023758596467817090, guid: b7365ddfb16463d449ebf9be3d7c2406,
        type: 3}
      propertyPath: m_LocalPosition.y
      value: 0
      objectReference: {fileID: 0}
    - target: {fileID: 3023758596467817090, guid: b7365ddfb16463d449ebf9be3d7c2406,
        type: 3}
      propertyPath: m_LocalPosition.z
      value: 0
      objectReference: {fileID: 0}
    - target: {fileID: 3023758596467817090, guid: b7365ddfb16463d449ebf9be3d7c2406,
        type: 3}
      propertyPath: m_LocalRotation.x
      value: 0
      objectReference: {fileID: 0}
    - target: {fileID: 3023758596467817090, guid: b7365ddfb16463d449ebf9be3d7c2406,
        type: 3}
      propertyPath: m_LocalRotation.y
      value: 0
      objectReference: {fileID: 0}
    - target: {fileID: 3023758596467817090, guid: b7365ddfb16463d449ebf9be3d7c2406,
        type: 3}
      propertyPath: m_LocalRotation.z
      value: 0
      objectReference: {fileID: 0}
    - target: {fileID: 3023758596467817090, guid: b7365ddfb16463d449ebf9be3d7c2406,
        type: 3}
      propertyPath: m_LocalRotation.w
      value: 1
      objectReference: {fileID: 0}
    - target: {fileID: 3023758596467817090, guid: b7365ddfb16463d449ebf9be3d7c2406,
        type: 3}
      propertyPath: m_RootOrder
      value: 0
      objectReference: {fileID: 0}
    - target: {fileID: 3023758596467817090, guid: b7365ddfb16463d449ebf9be3d7c2406,
        type: 3}
      propertyPath: m_LocalEulerAnglesHint.x
      value: 0
      objectReference: {fileID: 0}
    - target: {fileID: 3023758596467817090, guid: b7365ddfb16463d449ebf9be3d7c2406,
        type: 3}
      propertyPath: m_LocalEulerAnglesHint.y
      value: 0
      objectReference: {fileID: 0}
    - target: {fileID: 3023758596467817090, guid: b7365ddfb16463d449ebf9be3d7c2406,
        type: 3}
      propertyPath: m_LocalEulerAnglesHint.z
      value: 0
      objectReference: {fileID: 0}
    - target: {fileID: 3023758596467817090, guid: b7365ddfb16463d449ebf9be3d7c2406,
        type: 3}
      propertyPath: m_AnchoredPosition.x
      value: 0
      objectReference: {fileID: 0}
    - target: {fileID: 3023758596467817090, guid: b7365ddfb16463d449ebf9be3d7c2406,
        type: 3}
      propertyPath: m_AnchoredPosition.y
      value: 0
      objectReference: {fileID: 0}
    - target: {fileID: 3023758596467817090, guid: b7365ddfb16463d449ebf9be3d7c2406,
        type: 3}
      propertyPath: m_SizeDelta.x
      value: 230
      objectReference: {fileID: 0}
    - target: {fileID: 3023758596467817090, guid: b7365ddfb16463d449ebf9be3d7c2406,
        type: 3}
      propertyPath: m_SizeDelta.y
      value: 0
      objectReference: {fileID: 0}
    - target: {fileID: 3023758596467817090, guid: b7365ddfb16463d449ebf9be3d7c2406,
        type: 3}
      propertyPath: m_AnchorMin.x
      value: 0
      objectReference: {fileID: 0}
    - target: {fileID: 3023758596467817090, guid: b7365ddfb16463d449ebf9be3d7c2406,
        type: 3}
      propertyPath: m_AnchorMin.y
      value: 0
      objectReference: {fileID: 0}
    - target: {fileID: 3023758596467817090, guid: b7365ddfb16463d449ebf9be3d7c2406,
        type: 3}
      propertyPath: m_AnchorMax.x
      value: 0
      objectReference: {fileID: 0}
    - target: {fileID: 3023758596467817090, guid: b7365ddfb16463d449ebf9be3d7c2406,
        type: 3}
      propertyPath: m_AnchorMax.y
      value: 0
      objectReference: {fileID: 0}
    - target: {fileID: 3023758596467817090, guid: b7365ddfb16463d449ebf9be3d7c2406,
        type: 3}
      propertyPath: m_Pivot.x
      value: 0
      objectReference: {fileID: 0}
    - target: {fileID: 3023758596467817090, guid: b7365ddfb16463d449ebf9be3d7c2406,
        type: 3}
      propertyPath: m_Pivot.y
      value: 1
      objectReference: {fileID: 0}
    - target: {fileID: 4007811028029427936, guid: b7365ddfb16463d449ebf9be3d7c2406,
        type: 3}
      propertyPath: m_Name
      value: SystemCard
      objectReference: {fileID: 0}
    - target: {fileID: 4056689561307549154, guid: b7365ddfb16463d449ebf9be3d7c2406,
        type: 3}
      propertyPath: m_AnchoredPosition.x
      value: 20
      objectReference: {fileID: 0}
    - target: {fileID: 4056689561307549154, guid: b7365ddfb16463d449ebf9be3d7c2406,
        type: 3}
      propertyPath: m_AnchorMin.y
      value: 0
      objectReference: {fileID: 0}
    - target: {fileID: 4056689561307549154, guid: b7365ddfb16463d449ebf9be3d7c2406,
        type: 3}
      propertyPath: m_AnchorMax.y
      value: 0
      objectReference: {fileID: 0}
    - target: {fileID: 4056689561307549154, guid: b7365ddfb16463d449ebf9be3d7c2406,
        type: 3}
      propertyPath: m_AnchoredPosition.y
      value: 0
      objectReference: {fileID: 0}
    - target: {fileID: 4056689561307549154, guid: b7365ddfb16463d449ebf9be3d7c2406,
        type: 3}
      propertyPath: m_SizeDelta.x
      value: 0
      objectReference: {fileID: 0}
    - target: {fileID: 4056689561307549154, guid: b7365ddfb16463d449ebf9be3d7c2406,
        type: 3}
      propertyPath: m_SizeDelta.y
      value: 0
      objectReference: {fileID: 0}
    - target: {fileID: 8844025111328166211, guid: b7365ddfb16463d449ebf9be3d7c2406,
        type: 3}
      propertyPath: m_AnchoredPosition.x
      value: 15
      objectReference: {fileID: 0}
    - target: {fileID: 8844025111328166211, guid: b7365ddfb16463d449ebf9be3d7c2406,
        type: 3}
      propertyPath: m_AnchorMin.y
      value: 0
      objectReference: {fileID: 0}
    - target: {fileID: 8844025111328166211, guid: b7365ddfb16463d449ebf9be3d7c2406,
        type: 3}
      propertyPath: m_AnchorMax.y
      value: 0
      objectReference: {fileID: 0}
    - target: {fileID: 8844025111328166211, guid: b7365ddfb16463d449ebf9be3d7c2406,
        type: 3}
      propertyPath: m_AnchoredPosition.y
      value: 0
      objectReference: {fileID: 0}
    - target: {fileID: 8844025111328166211, guid: b7365ddfb16463d449ebf9be3d7c2406,
        type: 3}
      propertyPath: m_SizeDelta.y
      value: 0
      objectReference: {fileID: 0}
    m_RemovedComponents: []
  m_SourcePrefab: {fileID: 100100000, guid: b7365ddfb16463d449ebf9be3d7c2406, type: 3}
--- !u!224 &3596719060271658092 stripped
RectTransform:
  m_CorrespondingSourceObject: {fileID: 4056689561307549154, guid: b7365ddfb16463d449ebf9be3d7c2406,
    type: 3}
  m_PrefabInstance: {fileID: 695345741020526990}
  m_PrefabAsset: {fileID: 0}
--- !u!1001 &2554370787504547393
PrefabInstance:
  m_ObjectHideFlags: 0
  serializedVersion: 2
  m_Modification:
    m_TransformParent: {fileID: 1887580183972859958}
    m_Modifications:
    - target: {fileID: 829035311388344024, guid: db7adb68a368ce8499f977e58d49caab,
        type: 3}
      propertyPath: m_Name
      value: Button
      objectReference: {fileID: 0}
    - target: {fileID: 3778310164187323387, guid: db7adb68a368ce8499f977e58d49caab,
        type: 3}
      propertyPath: m_SizeDelta.x
      value: 0
      objectReference: {fileID: 0}
    - target: {fileID: 4112174938223346494, guid: db7adb68a368ce8499f977e58d49caab,
        type: 3}
      propertyPath: m_Color.r
      value: 0
      objectReference: {fileID: 0}
    - target: {fileID: 4112174938223346494, guid: db7adb68a368ce8499f977e58d49caab,
        type: 3}
      propertyPath: m_Color.g
      value: 0
      objectReference: {fileID: 0}
    - target: {fileID: 4112174938223346494, guid: db7adb68a368ce8499f977e58d49caab,
        type: 3}
      propertyPath: m_Color.b
      value: 0
      objectReference: {fileID: 0}
    - target: {fileID: 4112174938223346494, guid: db7adb68a368ce8499f977e58d49caab,
        type: 3}
      propertyPath: m_Sprite
      value: 
      objectReference: {fileID: 21300000, guid: 27eff3e2256b79e46ac795f01187ac98,
        type: 3}
    - target: {fileID: 4533132889391689618, guid: db7adb68a368ce8499f977e58d49caab,
        type: 3}
      propertyPath: m_LocalPosition.x
      value: 0
      objectReference: {fileID: 0}
    - target: {fileID: 4533132889391689618, guid: db7adb68a368ce8499f977e58d49caab,
        type: 3}
      propertyPath: m_LocalPosition.y
      value: 0
      objectReference: {fileID: 0}
    - target: {fileID: 4533132889391689618, guid: db7adb68a368ce8499f977e58d49caab,
        type: 3}
      propertyPath: m_LocalPosition.z
      value: 0
      objectReference: {fileID: 0}
    - target: {fileID: 4533132889391689618, guid: db7adb68a368ce8499f977e58d49caab,
        type: 3}
      propertyPath: m_LocalRotation.x
      value: 0
      objectReference: {fileID: 0}
    - target: {fileID: 4533132889391689618, guid: db7adb68a368ce8499f977e58d49caab,
        type: 3}
      propertyPath: m_LocalRotation.y
      value: 0
      objectReference: {fileID: 0}
    - target: {fileID: 4533132889391689618, guid: db7adb68a368ce8499f977e58d49caab,
        type: 3}
      propertyPath: m_LocalRotation.z
      value: 0
      objectReference: {fileID: 0}
    - target: {fileID: 4533132889391689618, guid: db7adb68a368ce8499f977e58d49caab,
        type: 3}
      propertyPath: m_LocalRotation.w
      value: 1
      objectReference: {fileID: 0}
    - target: {fileID: 4533132889391689618, guid: db7adb68a368ce8499f977e58d49caab,
        type: 3}
      propertyPath: m_RootOrder
      value: 2
      objectReference: {fileID: 0}
    - target: {fileID: 4533132889391689618, guid: db7adb68a368ce8499f977e58d49caab,
        type: 3}
      propertyPath: m_LocalEulerAnglesHint.x
      value: 0
      objectReference: {fileID: 0}
    - target: {fileID: 4533132889391689618, guid: db7adb68a368ce8499f977e58d49caab,
        type: 3}
      propertyPath: m_LocalEulerAnglesHint.y
      value: 0
      objectReference: {fileID: 0}
    - target: {fileID: 4533132889391689618, guid: db7adb68a368ce8499f977e58d49caab,
        type: 3}
      propertyPath: m_LocalEulerAnglesHint.z
      value: 0
      objectReference: {fileID: 0}
    - target: {fileID: 4533132889391689618, guid: db7adb68a368ce8499f977e58d49caab,
        type: 3}
      propertyPath: m_AnchoredPosition.x
      value: 0
      objectReference: {fileID: 0}
    - target: {fileID: 4533132889391689618, guid: db7adb68a368ce8499f977e58d49caab,
        type: 3}
      propertyPath: m_AnchoredPosition.y
      value: 0
      objectReference: {fileID: 0}
    - target: {fileID: 4533132889391689618, guid: db7adb68a368ce8499f977e58d49caab,
        type: 3}
      propertyPath: m_SizeDelta.x
      value: 190
      objectReference: {fileID: 0}
    - target: {fileID: 4533132889391689618, guid: db7adb68a368ce8499f977e58d49caab,
        type: 3}
      propertyPath: m_SizeDelta.y
      value: 50
      objectReference: {fileID: 0}
    - target: {fileID: 4533132889391689618, guid: db7adb68a368ce8499f977e58d49caab,
        type: 3}
      propertyPath: m_AnchorMin.x
      value: 0
      objectReference: {fileID: 0}
    - target: {fileID: 4533132889391689618, guid: db7adb68a368ce8499f977e58d49caab,
        type: 3}
      propertyPath: m_AnchorMin.y
      value: 0
      objectReference: {fileID: 0}
    - target: {fileID: 4533132889391689618, guid: db7adb68a368ce8499f977e58d49caab,
        type: 3}
      propertyPath: m_AnchorMax.x
      value: 0
      objectReference: {fileID: 0}
    - target: {fileID: 4533132889391689618, guid: db7adb68a368ce8499f977e58d49caab,
        type: 3}
      propertyPath: m_AnchorMax.y
      value: 0
      objectReference: {fileID: 0}
    - target: {fileID: 4533132889391689618, guid: db7adb68a368ce8499f977e58d49caab,
        type: 3}
      propertyPath: m_Pivot.x
      value: 0
      objectReference: {fileID: 0}
    - target: {fileID: 4533132889391689618, guid: db7adb68a368ce8499f977e58d49caab,
        type: 3}
      propertyPath: m_Pivot.y
      value: 1
      objectReference: {fileID: 0}
    - target: {fileID: 7506575648309765474, guid: db7adb68a368ce8499f977e58d49caab,
        type: 3}
      propertyPath: m_Color.r
      value: 0
      objectReference: {fileID: 0}
    - target: {fileID: 7506575648309765474, guid: db7adb68a368ce8499f977e58d49caab,
        type: 3}
      propertyPath: m_Color.g
      value: 0
      objectReference: {fileID: 0}
    - target: {fileID: 7506575648309765474, guid: db7adb68a368ce8499f977e58d49caab,
        type: 3}
      propertyPath: m_Color.b
      value: 0
      objectReference: {fileID: 0}
    - target: {fileID: 7506575648309765474, guid: db7adb68a368ce8499f977e58d49caab,
        type: 3}
      propertyPath: m_Color.a
      value: 0.4
      objectReference: {fileID: 0}
    - target: {fileID: 7796518878609910533, guid: db7adb68a368ce8499f977e58d49caab,
        type: 3}
      propertyPath: m_textInfo.characterCount
      value: 8
      objectReference: {fileID: 0}
    - target: {fileID: 7796518878609910533, guid: db7adb68a368ce8499f977e58d49caab,
        type: 3}
      propertyPath: m_textInfo.spaceCount
      value: 0
      objectReference: {fileID: 0}
    - target: {fileID: 7796518878609910533, guid: db7adb68a368ce8499f977e58d49caab,
        type: 3}
      propertyPath: m_textInfo.wordCount
      value: 1
      objectReference: {fileID: 0}
    - target: {fileID: 7796518878609910533, guid: db7adb68a368ce8499f977e58d49caab,
        type: 3}
      propertyPath: m_textInfo.lineCount
      value: 1
      objectReference: {fileID: 0}
    - target: {fileID: 7796518878609910533, guid: db7adb68a368ce8499f977e58d49caab,
        type: 3}
      propertyPath: m_textInfo.pageCount
      value: 1
      objectReference: {fileID: 0}
    - target: {fileID: 7796518878609910533, guid: db7adb68a368ce8499f977e58d49caab,
        type: 3}
      propertyPath: m_fontColor.r
      value: 0
      objectReference: {fileID: 0}
    - target: {fileID: 7796518878609910533, guid: db7adb68a368ce8499f977e58d49caab,
        type: 3}
      propertyPath: m_fontColor.g
      value: 0
      objectReference: {fileID: 0}
    - target: {fileID: 7796518878609910533, guid: db7adb68a368ce8499f977e58d49caab,
        type: 3}
      propertyPath: m_fontColor.b
      value: 0
      objectReference: {fileID: 0}
    - target: {fileID: 7796518878609910533, guid: db7adb68a368ce8499f977e58d49caab,
        type: 3}
      propertyPath: m_fontColor32.rgba
      value: 3422552064
      objectReference: {fileID: 0}
    - target: {fileID: 7796518878609910533, guid: db7adb68a368ce8499f977e58d49caab,
        type: 3}
      propertyPath: m_text
      value: Betreden
      objectReference: {fileID: 0}
    m_RemovedComponents: []
  m_SourcePrefab: {fileID: 100100000, guid: db7adb68a368ce8499f977e58d49caab, type: 3}
--- !u!1001 &3306059963716141404
PrefabInstance:
  m_ObjectHideFlags: 0
  serializedVersion: 2
  m_Modification:
    m_TransformParent: {fileID: 7647722129628000296}
    m_Modifications:
    - target: {fileID: 216295107605556339, guid: 1414572af6ebc434d83edbe0fe534e46,
        type: 3}
      propertyPath: m_AnchoredPosition.x
      value: 20
      objectReference: {fileID: 0}
    - target: {fileID: 216295107605556339, guid: 1414572af6ebc434d83edbe0fe534e46,
        type: 3}
      propertyPath: m_AnchorMin.y
      value: 0
      objectReference: {fileID: 0}
    - target: {fileID: 216295107605556339, guid: 1414572af6ebc434d83edbe0fe534e46,
        type: 3}
      propertyPath: m_AnchorMax.y
      value: 0
      objectReference: {fileID: 0}
    - target: {fileID: 216295107605556339, guid: 1414572af6ebc434d83edbe0fe534e46,
        type: 3}
      propertyPath: m_AnchoredPosition.y
      value: 0
      objectReference: {fileID: 0}
    - target: {fileID: 2140531666760841404, guid: 1414572af6ebc434d83edbe0fe534e46,
        type: 3}
      propertyPath: m_AnchoredPosition.x
      value: 15
      objectReference: {fileID: 0}
    - target: {fileID: 2140531666760841404, guid: 1414572af6ebc434d83edbe0fe534e46,
        type: 3}
      propertyPath: m_AnchorMin.y
      value: 0
      objectReference: {fileID: 0}
    - target: {fileID: 2140531666760841404, guid: 1414572af6ebc434d83edbe0fe534e46,
        type: 3}
      propertyPath: m_AnchorMax.y
      value: 0
      objectReference: {fileID: 0}
    - target: {fileID: 2140531666760841404, guid: 1414572af6ebc434d83edbe0fe534e46,
        type: 3}
      propertyPath: m_AnchoredPosition.y
      value: 0
      objectReference: {fileID: 0}
    - target: {fileID: 2140531666760841404, guid: 1414572af6ebc434d83edbe0fe534e46,
        type: 3}
      propertyPath: m_SizeDelta.y
      value: 0
      objectReference: {fileID: 0}
    - target: {fileID: 2761343957365513393, guid: 1414572af6ebc434d83edbe0fe534e46,
        type: 3}
      propertyPath: m_Color.r
      value: 0.2627451
      objectReference: {fileID: 0}
    - target: {fileID: 2761343957365513393, guid: 1414572af6ebc434d83edbe0fe534e46,
        type: 3}
      propertyPath: m_Color.g
      value: 0.68235296
      objectReference: {fileID: 0}
    - target: {fileID: 2761343957365513393, guid: 1414572af6ebc434d83edbe0fe534e46,
        type: 3}
      propertyPath: m_Color.b
      value: 0.8117647
      objectReference: {fileID: 0}
    - target: {fileID: 5692118520308421501, guid: 1414572af6ebc434d83edbe0fe534e46,
        type: 3}
      propertyPath: m_LocalPosition.x
      value: 0
      objectReference: {fileID: 0}
    - target: {fileID: 5692118520308421501, guid: 1414572af6ebc434d83edbe0fe534e46,
        type: 3}
      propertyPath: m_LocalPosition.y
      value: 0
      objectReference: {fileID: 0}
    - target: {fileID: 5692118520308421501, guid: 1414572af6ebc434d83edbe0fe534e46,
        type: 3}
      propertyPath: m_LocalPosition.z
      value: 0
      objectReference: {fileID: 0}
    - target: {fileID: 5692118520308421501, guid: 1414572af6ebc434d83edbe0fe534e46,
        type: 3}
      propertyPath: m_LocalRotation.x
      value: 0
      objectReference: {fileID: 0}
    - target: {fileID: 5692118520308421501, guid: 1414572af6ebc434d83edbe0fe534e46,
        type: 3}
      propertyPath: m_LocalRotation.y
      value: 0
      objectReference: {fileID: 0}
    - target: {fileID: 5692118520308421501, guid: 1414572af6ebc434d83edbe0fe534e46,
        type: 3}
      propertyPath: m_LocalRotation.z
      value: 0
      objectReference: {fileID: 0}
    - target: {fileID: 5692118520308421501, guid: 1414572af6ebc434d83edbe0fe534e46,
        type: 3}
      propertyPath: m_LocalRotation.w
      value: 1
      objectReference: {fileID: 0}
    - target: {fileID: 5692118520308421501, guid: 1414572af6ebc434d83edbe0fe534e46,
        type: 3}
      propertyPath: m_RootOrder
      value: 0
      objectReference: {fileID: 0}
    - target: {fileID: 5692118520308421501, guid: 1414572af6ebc434d83edbe0fe534e46,
        type: 3}
      propertyPath: m_LocalEulerAnglesHint.x
      value: 0
      objectReference: {fileID: 0}
    - target: {fileID: 5692118520308421501, guid: 1414572af6ebc434d83edbe0fe534e46,
        type: 3}
      propertyPath: m_LocalEulerAnglesHint.y
      value: 0
      objectReference: {fileID: 0}
    - target: {fileID: 5692118520308421501, guid: 1414572af6ebc434d83edbe0fe534e46,
        type: 3}
      propertyPath: m_LocalEulerAnglesHint.z
      value: 0
      objectReference: {fileID: 0}
    - target: {fileID: 5692118520308421501, guid: 1414572af6ebc434d83edbe0fe534e46,
        type: 3}
      propertyPath: m_AnchoredPosition.x
      value: 0
      objectReference: {fileID: 0}
    - target: {fileID: 5692118520308421501, guid: 1414572af6ebc434d83edbe0fe534e46,
        type: 3}
      propertyPath: m_AnchoredPosition.y
      value: 0
      objectReference: {fileID: 0}
    - target: {fileID: 5692118520308421501, guid: 1414572af6ebc434d83edbe0fe534e46,
        type: 3}
      propertyPath: m_SizeDelta.x
      value: 230
      objectReference: {fileID: 0}
    - target: {fileID: 5692118520308421501, guid: 1414572af6ebc434d83edbe0fe534e46,
        type: 3}
      propertyPath: m_SizeDelta.y
      value: 0
      objectReference: {fileID: 0}
    - target: {fileID: 5692118520308421501, guid: 1414572af6ebc434d83edbe0fe534e46,
        type: 3}
      propertyPath: m_AnchorMin.x
      value: 0
      objectReference: {fileID: 0}
    - target: {fileID: 5692118520308421501, guid: 1414572af6ebc434d83edbe0fe534e46,
        type: 3}
      propertyPath: m_AnchorMin.y
      value: 0
      objectReference: {fileID: 0}
    - target: {fileID: 5692118520308421501, guid: 1414572af6ebc434d83edbe0fe534e46,
        type: 3}
      propertyPath: m_AnchorMax.x
      value: 0
      objectReference: {fileID: 0}
    - target: {fileID: 5692118520308421501, guid: 1414572af6ebc434d83edbe0fe534e46,
        type: 3}
      propertyPath: m_AnchorMax.y
      value: 0
      objectReference: {fileID: 0}
    - target: {fileID: 5692118520308421501, guid: 1414572af6ebc434d83edbe0fe534e46,
        type: 3}
      propertyPath: m_Pivot.x
      value: 0
      objectReference: {fileID: 0}
    - target: {fileID: 5692118520308421501, guid: 1414572af6ebc434d83edbe0fe534e46,
        type: 3}
      propertyPath: m_Pivot.y
      value: 1
      objectReference: {fileID: 0}
    - target: {fileID: 5715165390141019476, guid: 1414572af6ebc434d83edbe0fe534e46,
        type: 3}
      propertyPath: m_textInfo.characterCount
      value: 29
      objectReference: {fileID: 0}
    - target: {fileID: 5715165390141019476, guid: 1414572af6ebc434d83edbe0fe534e46,
        type: 3}
      propertyPath: m_textInfo.wordCount
      value: 3
      objectReference: {fileID: 0}
    - target: {fileID: 5715165390141019476, guid: 1414572af6ebc434d83edbe0fe534e46,
        type: 3}
      propertyPath: m_textInfo.lineCount
      value: 2
      objectReference: {fileID: 0}
    - target: {fileID: 5715165390141019476, guid: 1414572af6ebc434d83edbe0fe534e46,
        type: 3}
      propertyPath: m_textInfo.pageCount
      value: 1
      objectReference: {fileID: 0}
    - target: {fileID: 5715165390141019476, guid: 1414572af6ebc434d83edbe0fe534e46,
        type: 3}
      propertyPath: m_text
      value: Oefeningen voor fysiotherapie
      objectReference: {fileID: 0}
    - target: {fileID: 5715165390141019476, guid: 1414572af6ebc434d83edbe0fe534e46,
        type: 3}
      propertyPath: m_textInfo.spaceCount
      value: 2
      objectReference: {fileID: 0}
    - target: {fileID: 5806935610577844511, guid: 1414572af6ebc434d83edbe0fe534e46,
        type: 3}
      propertyPath: m_Name
      value: CoverCard
      objectReference: {fileID: 0}
    - target: {fileID: 6020443087486820163, guid: 1414572af6ebc434d83edbe0fe534e46,
        type: 3}
      propertyPath: m_AnchorMin.y
      value: 0
      objectReference: {fileID: 0}
    - target: {fileID: 6020443087486820163, guid: 1414572af6ebc434d83edbe0fe534e46,
        type: 3}
      propertyPath: m_AnchorMax.y
      value: 0
      objectReference: {fileID: 0}
    - target: {fileID: 6020443087486820163, guid: 1414572af6ebc434d83edbe0fe534e46,
        type: 3}
      propertyPath: m_AnchoredPosition.x
      value: 0
      objectReference: {fileID: 0}
    - target: {fileID: 6020443087486820163, guid: 1414572af6ebc434d83edbe0fe534e46,
        type: 3}
      propertyPath: m_AnchoredPosition.y
      value: 0
      objectReference: {fileID: 0}
    - target: {fileID: 6864816684559836189, guid: 1414572af6ebc434d83edbe0fe534e46,
        type: 3}
      propertyPath: m_AnchoredPosition.x
      value: 20
      objectReference: {fileID: 0}
    - target: {fileID: 6864816684559836189, guid: 1414572af6ebc434d83edbe0fe534e46,
        type: 3}
      propertyPath: m_AnchorMin.y
      value: 0
      objectReference: {fileID: 0}
    - target: {fileID: 6864816684559836189, guid: 1414572af6ebc434d83edbe0fe534e46,
        type: 3}
      propertyPath: m_AnchorMax.y
      value: 0
      objectReference: {fileID: 0}
    - target: {fileID: 6864816684559836189, guid: 1414572af6ebc434d83edbe0fe534e46,
        type: 3}
      propertyPath: m_AnchoredPosition.y
      value: 0
      objectReference: {fileID: 0}
    - target: {fileID: 6864816684559836189, guid: 1414572af6ebc434d83edbe0fe534e46,
        type: 3}
      propertyPath: m_SizeDelta.x
      value: 0
      objectReference: {fileID: 0}
    - target: {fileID: 6864816684559836189, guid: 1414572af6ebc434d83edbe0fe534e46,
        type: 3}
      propertyPath: m_SizeDelta.y
      value: 0
      objectReference: {fileID: 0}
    m_RemovedComponents: []
  m_SourcePrefab: {fileID: 100100000, guid: 1414572af6ebc434d83edbe0fe534e46, type: 3}
--- !u!224 &7142440348488749601 stripped
RectTransform:
  m_CorrespondingSourceObject: {fileID: 5692118520308421501, guid: 1414572af6ebc434d83edbe0fe534e46,
    type: 3}
  m_PrefabInstance: {fileID: 3306059963716141404}
  m_PrefabAsset: {fileID: 0}
--- !u!1001 &3753322666560479174
PrefabInstance:
  m_ObjectHideFlags: 0
  serializedVersion: 2
  m_Modification:
    m_TransformParent: {fileID: 7142440348488749601}
    m_Modifications:
    - target: {fileID: 829035311388344024, guid: db7adb68a368ce8499f977e58d49caab,
        type: 3}
      propertyPath: m_Name
      value: Button
      objectReference: {fileID: 0}
    - target: {fileID: 3778310164187323387, guid: db7adb68a368ce8499f977e58d49caab,
        type: 3}
      propertyPath: m_SizeDelta.x
      value: 0
      objectReference: {fileID: 0}
    - target: {fileID: 4112174938223346494, guid: db7adb68a368ce8499f977e58d49caab,
        type: 3}
      propertyPath: m_Color.r
      value: 0
      objectReference: {fileID: 0}
    - target: {fileID: 4112174938223346494, guid: db7adb68a368ce8499f977e58d49caab,
        type: 3}
      propertyPath: m_Color.g
      value: 0
      objectReference: {fileID: 0}
    - target: {fileID: 4112174938223346494, guid: db7adb68a368ce8499f977e58d49caab,
        type: 3}
      propertyPath: m_Color.b
      value: 0
      objectReference: {fileID: 0}
    - target: {fileID: 4112174938223346494, guid: db7adb68a368ce8499f977e58d49caab,
        type: 3}
      propertyPath: m_Sprite
      value: 
      objectReference: {fileID: 21300000, guid: 27eff3e2256b79e46ac795f01187ac98,
        type: 3}
    - target: {fileID: 4533132889391689618, guid: db7adb68a368ce8499f977e58d49caab,
        type: 3}
      propertyPath: m_LocalPosition.x
      value: 0
      objectReference: {fileID: 0}
    - target: {fileID: 4533132889391689618, guid: db7adb68a368ce8499f977e58d49caab,
        type: 3}
      propertyPath: m_LocalPosition.y
      value: 0
      objectReference: {fileID: 0}
    - target: {fileID: 4533132889391689618, guid: db7adb68a368ce8499f977e58d49caab,
        type: 3}
      propertyPath: m_LocalPosition.z
      value: 0
      objectReference: {fileID: 0}
    - target: {fileID: 4533132889391689618, guid: db7adb68a368ce8499f977e58d49caab,
        type: 3}
      propertyPath: m_LocalRotation.x
      value: 0
      objectReference: {fileID: 0}
    - target: {fileID: 4533132889391689618, guid: db7adb68a368ce8499f977e58d49caab,
        type: 3}
      propertyPath: m_LocalRotation.y
      value: 0
      objectReference: {fileID: 0}
    - target: {fileID: 4533132889391689618, guid: db7adb68a368ce8499f977e58d49caab,
        type: 3}
      propertyPath: m_LocalRotation.z
      value: 0
      objectReference: {fileID: 0}
    - target: {fileID: 4533132889391689618, guid: db7adb68a368ce8499f977e58d49caab,
        type: 3}
      propertyPath: m_LocalRotation.w
      value: 1
      objectReference: {fileID: 0}
    - target: {fileID: 4533132889391689618, guid: db7adb68a368ce8499f977e58d49caab,
        type: 3}
      propertyPath: m_RootOrder
      value: 2
      objectReference: {fileID: 0}
    - target: {fileID: 4533132889391689618, guid: db7adb68a368ce8499f977e58d49caab,
        type: 3}
      propertyPath: m_LocalEulerAnglesHint.x
      value: 0
      objectReference: {fileID: 0}
    - target: {fileID: 4533132889391689618, guid: db7adb68a368ce8499f977e58d49caab,
        type: 3}
      propertyPath: m_LocalEulerAnglesHint.y
      value: 0
      objectReference: {fileID: 0}
    - target: {fileID: 4533132889391689618, guid: db7adb68a368ce8499f977e58d49caab,
        type: 3}
      propertyPath: m_LocalEulerAnglesHint.z
      value: 0
      objectReference: {fileID: 0}
    - target: {fileID: 4533132889391689618, guid: db7adb68a368ce8499f977e58d49caab,
        type: 3}
      propertyPath: m_AnchoredPosition.x
      value: 0
      objectReference: {fileID: 0}
    - target: {fileID: 4533132889391689618, guid: db7adb68a368ce8499f977e58d49caab,
        type: 3}
      propertyPath: m_AnchoredPosition.y
      value: 0
      objectReference: {fileID: 0}
    - target: {fileID: 4533132889391689618, guid: db7adb68a368ce8499f977e58d49caab,
        type: 3}
      propertyPath: m_SizeDelta.x
      value: 190
      objectReference: {fileID: 0}
    - target: {fileID: 4533132889391689618, guid: db7adb68a368ce8499f977e58d49caab,
        type: 3}
      propertyPath: m_SizeDelta.y
      value: 50
      objectReference: {fileID: 0}
    - target: {fileID: 4533132889391689618, guid: db7adb68a368ce8499f977e58d49caab,
        type: 3}
      propertyPath: m_AnchorMin.x
      value: 0
      objectReference: {fileID: 0}
    - target: {fileID: 4533132889391689618, guid: db7adb68a368ce8499f977e58d49caab,
        type: 3}
      propertyPath: m_AnchorMin.y
      value: 0
      objectReference: {fileID: 0}
    - target: {fileID: 4533132889391689618, guid: db7adb68a368ce8499f977e58d49caab,
        type: 3}
      propertyPath: m_AnchorMax.x
      value: 0
      objectReference: {fileID: 0}
    - target: {fileID: 4533132889391689618, guid: db7adb68a368ce8499f977e58d49caab,
        type: 3}
      propertyPath: m_AnchorMax.y
      value: 0
      objectReference: {fileID: 0}
    - target: {fileID: 4533132889391689618, guid: db7adb68a368ce8499f977e58d49caab,
        type: 3}
      propertyPath: m_Pivot.x
      value: 0
      objectReference: {fileID: 0}
    - target: {fileID: 4533132889391689618, guid: db7adb68a368ce8499f977e58d49caab,
        type: 3}
      propertyPath: m_Pivot.y
      value: 1
      objectReference: {fileID: 0}
    - target: {fileID: 7506575648309765474, guid: db7adb68a368ce8499f977e58d49caab,
        type: 3}
      propertyPath: m_Color.r
      value: 0
      objectReference: {fileID: 0}
    - target: {fileID: 7506575648309765474, guid: db7adb68a368ce8499f977e58d49caab,
        type: 3}
      propertyPath: m_Color.g
      value: 0
      objectReference: {fileID: 0}
    - target: {fileID: 7506575648309765474, guid: db7adb68a368ce8499f977e58d49caab,
        type: 3}
      propertyPath: m_Color.b
      value: 0
      objectReference: {fileID: 0}
    - target: {fileID: 7506575648309765474, guid: db7adb68a368ce8499f977e58d49caab,
        type: 3}
      propertyPath: m_Color.a
      value: 0.4
      objectReference: {fileID: 0}
    - target: {fileID: 7796518878609910533, guid: db7adb68a368ce8499f977e58d49caab,
        type: 3}
      propertyPath: m_textInfo.characterCount
      value: 8
      objectReference: {fileID: 0}
    - target: {fileID: 7796518878609910533, guid: db7adb68a368ce8499f977e58d49caab,
        type: 3}
      propertyPath: m_textInfo.spaceCount
      value: 0
      objectReference: {fileID: 0}
    - target: {fileID: 7796518878609910533, guid: db7adb68a368ce8499f977e58d49caab,
        type: 3}
      propertyPath: m_textInfo.wordCount
      value: 1
      objectReference: {fileID: 0}
    - target: {fileID: 7796518878609910533, guid: db7adb68a368ce8499f977e58d49caab,
        type: 3}
      propertyPath: m_textInfo.lineCount
      value: 1
      objectReference: {fileID: 0}
    - target: {fileID: 7796518878609910533, guid: db7adb68a368ce8499f977e58d49caab,
        type: 3}
      propertyPath: m_textInfo.pageCount
      value: 1
      objectReference: {fileID: 0}
    - target: {fileID: 7796518878609910533, guid: db7adb68a368ce8499f977e58d49caab,
        type: 3}
      propertyPath: m_fontColor.r
      value: 0
      objectReference: {fileID: 0}
    - target: {fileID: 7796518878609910533, guid: db7adb68a368ce8499f977e58d49caab,
        type: 3}
      propertyPath: m_fontColor.g
      value: 0
      objectReference: {fileID: 0}
    - target: {fileID: 7796518878609910533, guid: db7adb68a368ce8499f977e58d49caab,
        type: 3}
      propertyPath: m_fontColor.b
      value: 0
      objectReference: {fileID: 0}
    - target: {fileID: 7796518878609910533, guid: db7adb68a368ce8499f977e58d49caab,
        type: 3}
      propertyPath: m_fontColor32.rgba
      value: 3422552064
      objectReference: {fileID: 0}
    - target: {fileID: 7796518878609910533, guid: db7adb68a368ce8499f977e58d49caab,
        type: 3}
      propertyPath: m_text
      value: Betreden
      objectReference: {fileID: 0}
    m_RemovedComponents: []
  m_SourcePrefab: {fileID: 100100000, guid: db7adb68a368ce8499f977e58d49caab, type: 3}
--- !u!1001 &5868532028255901550
PrefabInstance:
  m_ObjectHideFlags: 0
  serializedVersion: 2
  m_Modification:
    m_TransformParent: {fileID: 5987345453477790609}
    m_Modifications:
    - target: {fileID: 4274791294614431558, guid: d8efee1acc0fd2b498d400311f5bee5b,
        type: 3}
      propertyPath: m_LocalPosition.x
      value: 0
      objectReference: {fileID: 0}
    - target: {fileID: 4274791294614431558, guid: d8efee1acc0fd2b498d400311f5bee5b,
        type: 3}
      propertyPath: m_LocalPosition.y
      value: 0
      objectReference: {fileID: 0}
    - target: {fileID: 4274791294614431558, guid: d8efee1acc0fd2b498d400311f5bee5b,
        type: 3}
      propertyPath: m_LocalPosition.z
      value: 0
      objectReference: {fileID: 0}
    - target: {fileID: 4274791294614431558, guid: d8efee1acc0fd2b498d400311f5bee5b,
        type: 3}
      propertyPath: m_LocalRotation.x
      value: -0
      objectReference: {fileID: 0}
    - target: {fileID: 4274791294614431558, guid: d8efee1acc0fd2b498d400311f5bee5b,
        type: 3}
      propertyPath: m_LocalRotation.y
      value: -0
      objectReference: {fileID: 0}
    - target: {fileID: 4274791294614431558, guid: d8efee1acc0fd2b498d400311f5bee5b,
        type: 3}
      propertyPath: m_LocalRotation.z
      value: -0
      objectReference: {fileID: 0}
    - target: {fileID: 4274791294614431558, guid: d8efee1acc0fd2b498d400311f5bee5b,
        type: 3}
      propertyPath: m_LocalRotation.w
      value: 1
      objectReference: {fileID: 0}
    - target: {fileID: 4274791294614431558, guid: d8efee1acc0fd2b498d400311f5bee5b,
        type: 3}
      propertyPath: m_RootOrder
      value: 1
      objectReference: {fileID: 0}
    - target: {fileID: 4274791294614431558, guid: d8efee1acc0fd2b498d400311f5bee5b,
        type: 3}
      propertyPath: m_LocalEulerAnglesHint.x
      value: 0
      objectReference: {fileID: 0}
    - target: {fileID: 4274791294614431558, guid: d8efee1acc0fd2b498d400311f5bee5b,
        type: 3}
      propertyPath: m_LocalEulerAnglesHint.y
      value: 0
      objectReference: {fileID: 0}
    - target: {fileID: 4274791294614431558, guid: d8efee1acc0fd2b498d400311f5bee5b,
        type: 3}
      propertyPath: m_LocalEulerAnglesHint.z
      value: 0
      objectReference: {fileID: 0}
    - target: {fileID: 4274791294614431558, guid: d8efee1acc0fd2b498d400311f5bee5b,
        type: 3}
      propertyPath: m_AnchoredPosition.x
      value: 365
      objectReference: {fileID: 0}
    - target: {fileID: 4274791294614431558, guid: d8efee1acc0fd2b498d400311f5bee5b,
        type: 3}
      propertyPath: m_AnchoredPosition.y
      value: 0
      objectReference: {fileID: 0}
    - target: {fileID: 4274791294614431558, guid: d8efee1acc0fd2b498d400311f5bee5b,
        type: 3}
      propertyPath: m_SizeDelta.x
      value: 230
      objectReference: {fileID: 0}
    - target: {fileID: 4274791294614431558, guid: d8efee1acc0fd2b498d400311f5bee5b,
        type: 3}
      propertyPath: m_SizeDelta.y
      value: 0
      objectReference: {fileID: 0}
    - target: {fileID: 4274791294614431558, guid: d8efee1acc0fd2b498d400311f5bee5b,
        type: 3}
      propertyPath: m_AnchorMin.x
      value: 0
      objectReference: {fileID: 0}
    - target: {fileID: 4274791294614431558, guid: d8efee1acc0fd2b498d400311f5bee5b,
        type: 3}
      propertyPath: m_AnchorMin.y
      value: 0
      objectReference: {fileID: 0}
    - target: {fileID: 4274791294614431558, guid: d8efee1acc0fd2b498d400311f5bee5b,
        type: 3}
      propertyPath: m_AnchorMax.x
      value: 0
      objectReference: {fileID: 0}
    - target: {fileID: 4274791294614431558, guid: d8efee1acc0fd2b498d400311f5bee5b,
        type: 3}
      propertyPath: m_AnchorMax.y
      value: 0
      objectReference: {fileID: 0}
    - target: {fileID: 4274791294614431558, guid: d8efee1acc0fd2b498d400311f5bee5b,
        type: 3}
      propertyPath: m_Pivot.x
      value: 0.5
      objectReference: {fileID: 0}
    - target: {fileID: 4274791294614431558, guid: d8efee1acc0fd2b498d400311f5bee5b,
        type: 3}
      propertyPath: m_Pivot.y
      value: 0.5
      objectReference: {fileID: 0}
    - target: {fileID: 6275241225670724754, guid: d8efee1acc0fd2b498d400311f5bee5b,
        type: 3}
      propertyPath: m_Name
      value: MenuColumn (1)
      objectReference: {fileID: 0}
    m_RemovedComponents: []
  m_SourcePrefab: {fileID: 100100000, guid: d8efee1acc0fd2b498d400311f5bee5b, type: 3}
--- !u!224 &7647722129628000296 stripped
RectTransform:
  m_CorrespondingSourceObject: {fileID: 4274791294614431558, guid: d8efee1acc0fd2b498d400311f5bee5b,
    type: 3}
  m_PrefabInstance: {fileID: 5868532028255901550}
  m_PrefabAsset: {fileID: 0}
--- !u!1001 &5868532028359641262
PrefabInstance:
  m_ObjectHideFlags: 0
  serializedVersion: 2
  m_Modification:
    m_TransformParent: {fileID: 3596719060271658092}
    m_Modifications:
    - target: {fileID: 6906609953352179451, guid: 46d993481fb3be14088573616c5fa2ea,
        type: 3}
      propertyPath: m_Name
      value: Description
      objectReference: {fileID: 0}
    - target: {fileID: 8057464993399123371, guid: 46d993481fb3be14088573616c5fa2ea,
        type: 3}
      propertyPath: m_LocalPosition.x
      value: 0
      objectReference: {fileID: 0}
    - target: {fileID: 8057464993399123371, guid: 46d993481fb3be14088573616c5fa2ea,
        type: 3}
      propertyPath: m_LocalPosition.y
      value: 0
      objectReference: {fileID: 0}
    - target: {fileID: 8057464993399123371, guid: 46d993481fb3be14088573616c5fa2ea,
        type: 3}
      propertyPath: m_LocalPosition.z
      value: 0
      objectReference: {fileID: 0}
    - target: {fileID: 8057464993399123371, guid: 46d993481fb3be14088573616c5fa2ea,
        type: 3}
      propertyPath: m_LocalRotation.x
      value: -0
      objectReference: {fileID: 0}
    - target: {fileID: 8057464993399123371, guid: 46d993481fb3be14088573616c5fa2ea,
        type: 3}
      propertyPath: m_LocalRotation.y
      value: 0.000000059604623
      objectReference: {fileID: 0}
    - target: {fileID: 8057464993399123371, guid: 46d993481fb3be14088573616c5fa2ea,
        type: 3}
      propertyPath: m_LocalRotation.z
      value: -0
      objectReference: {fileID: 0}
    - target: {fileID: 8057464993399123371, guid: 46d993481fb3be14088573616c5fa2ea,
        type: 3}
      propertyPath: m_LocalRotation.w
      value: 1
      objectReference: {fileID: 0}
    - target: {fileID: 8057464993399123371, guid: 46d993481fb3be14088573616c5fa2ea,
        type: 3}
      propertyPath: m_RootOrder
      value: 1
      objectReference: {fileID: 0}
    - target: {fileID: 8057464993399123371, guid: 46d993481fb3be14088573616c5fa2ea,
        type: 3}
      propertyPath: m_LocalEulerAnglesHint.x
      value: 0
      objectReference: {fileID: 0}
    - target: {fileID: 8057464993399123371, guid: 46d993481fb3be14088573616c5fa2ea,
        type: 3}
      propertyPath: m_LocalEulerAnglesHint.y
      value: 0
      objectReference: {fileID: 0}
    - target: {fileID: 8057464993399123371, guid: 46d993481fb3be14088573616c5fa2ea,
        type: 3}
      propertyPath: m_LocalEulerAnglesHint.z
      value: 0
      objectReference: {fileID: 0}
    - target: {fileID: 8057464993399123371, guid: 46d993481fb3be14088573616c5fa2ea,
        type: 3}
      propertyPath: m_AnchoredPosition.x
      value: 15
      objectReference: {fileID: 0}
    - target: {fileID: 8057464993399123371, guid: 46d993481fb3be14088573616c5fa2ea,
        type: 3}
      propertyPath: m_AnchoredPosition.y
      value: 0
      objectReference: {fileID: 0}
    - target: {fileID: 8057464993399123371, guid: 46d993481fb3be14088573616c5fa2ea,
        type: 3}
      propertyPath: m_SizeDelta.x
      value: 160
      objectReference: {fileID: 0}
    - target: {fileID: 8057464993399123371, guid: 46d993481fb3be14088573616c5fa2ea,
        type: 3}
      propertyPath: m_SizeDelta.y
      value: 0
      objectReference: {fileID: 0}
    - target: {fileID: 8057464993399123371, guid: 46d993481fb3be14088573616c5fa2ea,
        type: 3}
      propertyPath: m_AnchorMin.x
      value: 0
      objectReference: {fileID: 0}
    - target: {fileID: 8057464993399123371, guid: 46d993481fb3be14088573616c5fa2ea,
        type: 3}
      propertyPath: m_AnchorMin.y
      value: 0
      objectReference: {fileID: 0}
    - target: {fileID: 8057464993399123371, guid: 46d993481fb3be14088573616c5fa2ea,
        type: 3}
      propertyPath: m_AnchorMax.x
      value: 0
      objectReference: {fileID: 0}
    - target: {fileID: 8057464993399123371, guid: 46d993481fb3be14088573616c5fa2ea,
        type: 3}
      propertyPath: m_AnchorMax.y
      value: 0
      objectReference: {fileID: 0}
    - target: {fileID: 8057464993399123371, guid: 46d993481fb3be14088573616c5fa2ea,
        type: 3}
      propertyPath: m_Pivot.x
      value: 0
      objectReference: {fileID: 0}
    - target: {fileID: 8057464993399123371, guid: 46d993481fb3be14088573616c5fa2ea,
        type: 3}
      propertyPath: m_Pivot.y
      value: 1
      objectReference: {fileID: 0}
    - target: {fileID: 8719991327088703111, guid: 46d993481fb3be14088573616c5fa2ea,
        type: 3}
      propertyPath: m_textInfo.characterCount
      value: 36
      objectReference: {fileID: 0}
    - target: {fileID: 8719991327088703111, guid: 46d993481fb3be14088573616c5fa2ea,
        type: 3}
      propertyPath: m_textInfo.spaceCount
      value: 4
      objectReference: {fileID: 0}
    - target: {fileID: 8719991327088703111, guid: 46d993481fb3be14088573616c5fa2ea,
        type: 3}
      propertyPath: m_textInfo.wordCount
      value: 5
      objectReference: {fileID: 0}
    - target: {fileID: 8719991327088703111, guid: 46d993481fb3be14088573616c5fa2ea,
        type: 3}
      propertyPath: m_textInfo.lineCount
      value: 2
      objectReference: {fileID: 0}
    - target: {fileID: 8719991327088703111, guid: 46d993481fb3be14088573616c5fa2ea,
        type: 3}
      propertyPath: m_textInfo.pageCount
      value: 1
      objectReference: {fileID: 0}
    - target: {fileID: 8719991327088703111, guid: 46d993481fb3be14088573616c5fa2ea,
        type: 3}
      propertyPath: m_text
      value: Welkom bij het virtuele vogellanden.
      objectReference: {fileID: 0}
    m_RemovedComponents: []
  m_SourcePrefab: {fileID: 100100000, guid: 46d993481fb3be14088573616c5fa2ea, type: 3}
--- !u!1001 &5868532028471103544
PrefabInstance:
  m_ObjectHideFlags: 0
  serializedVersion: 2
  m_Modification:
    m_TransformParent: {fileID: 5987345453477790609}
    m_Modifications:
    - target: {fileID: 4274791294614431558, guid: d8efee1acc0fd2b498d400311f5bee5b,
        type: 3}
      propertyPath: m_LocalPosition.x
      value: 0
      objectReference: {fileID: 0}
    - target: {fileID: 4274791294614431558, guid: d8efee1acc0fd2b498d400311f5bee5b,
        type: 3}
      propertyPath: m_LocalPosition.y
      value: 0
      objectReference: {fileID: 0}
    - target: {fileID: 4274791294614431558, guid: d8efee1acc0fd2b498d400311f5bee5b,
        type: 3}
      propertyPath: m_LocalPosition.z
      value: 0
      objectReference: {fileID: 0}
    - target: {fileID: 4274791294614431558, guid: d8efee1acc0fd2b498d400311f5bee5b,
        type: 3}
      propertyPath: m_LocalRotation.x
      value: -0
      objectReference: {fileID: 0}
    - target: {fileID: 4274791294614431558, guid: d8efee1acc0fd2b498d400311f5bee5b,
        type: 3}
      propertyPath: m_LocalRotation.y
      value: -0
      objectReference: {fileID: 0}
    - target: {fileID: 4274791294614431558, guid: d8efee1acc0fd2b498d400311f5bee5b,
        type: 3}
      propertyPath: m_LocalRotation.z
      value: -0
      objectReference: {fileID: 0}
    - target: {fileID: 4274791294614431558, guid: d8efee1acc0fd2b498d400311f5bee5b,
        type: 3}
      propertyPath: m_LocalRotation.w
      value: 1
      objectReference: {fileID: 0}
    - target: {fileID: 4274791294614431558, guid: d8efee1acc0fd2b498d400311f5bee5b,
        type: 3}
      propertyPath: m_RootOrder
      value: 0
      objectReference: {fileID: 0}
    - target: {fileID: 4274791294614431558, guid: d8efee1acc0fd2b498d400311f5bee5b,
        type: 3}
      propertyPath: m_LocalEulerAnglesHint.x
      value: 0
      objectReference: {fileID: 0}
    - target: {fileID: 4274791294614431558, guid: d8efee1acc0fd2b498d400311f5bee5b,
        type: 3}
      propertyPath: m_LocalEulerAnglesHint.y
      value: 0
      objectReference: {fileID: 0}
    - target: {fileID: 4274791294614431558, guid: d8efee1acc0fd2b498d400311f5bee5b,
        type: 3}
      propertyPath: m_LocalEulerAnglesHint.z
      value: 0
      objectReference: {fileID: 0}
    - target: {fileID: 4274791294614431558, guid: d8efee1acc0fd2b498d400311f5bee5b,
        type: 3}
      propertyPath: m_AnchoredPosition.x
      value: 115
      objectReference: {fileID: 0}
    - target: {fileID: 4274791294614431558, guid: d8efee1acc0fd2b498d400311f5bee5b,
        type: 3}
      propertyPath: m_AnchoredPosition.y
      value: 0
      objectReference: {fileID: 0}
    - target: {fileID: 4274791294614431558, guid: d8efee1acc0fd2b498d400311f5bee5b,
        type: 3}
      propertyPath: m_SizeDelta.x
      value: 230
      objectReference: {fileID: 0}
    - target: {fileID: 4274791294614431558, guid: d8efee1acc0fd2b498d400311f5bee5b,
        type: 3}
      propertyPath: m_SizeDelta.y
      value: 0
      objectReference: {fileID: 0}
    - target: {fileID: 4274791294614431558, guid: d8efee1acc0fd2b498d400311f5bee5b,
        type: 3}
      propertyPath: m_AnchorMin.x
      value: 0
      objectReference: {fileID: 0}
    - target: {fileID: 4274791294614431558, guid: d8efee1acc0fd2b498d400311f5bee5b,
        type: 3}
      propertyPath: m_AnchorMin.y
      value: 0
      objectReference: {fileID: 0}
    - target: {fileID: 4274791294614431558, guid: d8efee1acc0fd2b498d400311f5bee5b,
        type: 3}
      propertyPath: m_AnchorMax.x
      value: 0
      objectReference: {fileID: 0}
    - target: {fileID: 4274791294614431558, guid: d8efee1acc0fd2b498d400311f5bee5b,
        type: 3}
      propertyPath: m_AnchorMax.y
      value: 0
      objectReference: {fileID: 0}
    - target: {fileID: 4274791294614431558, guid: d8efee1acc0fd2b498d400311f5bee5b,
        type: 3}
      propertyPath: m_Pivot.x
      value: 0.5
      objectReference: {fileID: 0}
    - target: {fileID: 4274791294614431558, guid: d8efee1acc0fd2b498d400311f5bee5b,
        type: 3}
      propertyPath: m_Pivot.y
      value: 0.5
      objectReference: {fileID: 0}
    - target: {fileID: 6275241225670724754, guid: d8efee1acc0fd2b498d400311f5bee5b,
        type: 3}
      propertyPath: m_Name
      value: MenuColumn
      objectReference: {fileID: 0}
    m_RemovedComponents: []
  m_SourcePrefab: {fileID: 100100000, guid: d8efee1acc0fd2b498d400311f5bee5b, type: 3}
--- !u!224 &7647722129444124542 stripped
RectTransform:
  m_CorrespondingSourceObject: {fileID: 4274791294614431558, guid: d8efee1acc0fd2b498d400311f5bee5b,
    type: 3}
  m_PrefabInstance: {fileID: 5868532028471103544}
  m_PrefabAsset: {fileID: 0}
--- !u!1001 &6110399050763404107
PrefabInstance:
  m_ObjectHideFlags: 0
  serializedVersion: 2
  m_Modification:
    m_TransformParent: {fileID: 7647722129444124542}
    m_Modifications:
    - target: {fileID: 216295107605556339, guid: 1414572af6ebc434d83edbe0fe534e46,
        type: 3}
      propertyPath: m_AnchoredPosition.x
      value: 20
      objectReference: {fileID: 0}
    - target: {fileID: 216295107605556339, guid: 1414572af6ebc434d83edbe0fe534e46,
        type: 3}
      propertyPath: m_AnchorMin.y
      value: 0
      objectReference: {fileID: 0}
    - target: {fileID: 216295107605556339, guid: 1414572af6ebc434d83edbe0fe534e46,
        type: 3}
      propertyPath: m_AnchorMax.y
      value: 0
      objectReference: {fileID: 0}
    - target: {fileID: 216295107605556339, guid: 1414572af6ebc434d83edbe0fe534e46,
        type: 3}
      propertyPath: m_AnchoredPosition.y
      value: 0
      objectReference: {fileID: 0}
    - target: {fileID: 2140531666760841404, guid: 1414572af6ebc434d83edbe0fe534e46,
        type: 3}
      propertyPath: m_AnchoredPosition.x
      value: 15
      objectReference: {fileID: 0}
    - target: {fileID: 2140531666760841404, guid: 1414572af6ebc434d83edbe0fe534e46,
        type: 3}
      propertyPath: m_AnchorMin.y
      value: 0
      objectReference: {fileID: 0}
    - target: {fileID: 2140531666760841404, guid: 1414572af6ebc434d83edbe0fe534e46,
        type: 3}
      propertyPath: m_AnchorMax.y
      value: 0
      objectReference: {fileID: 0}
    - target: {fileID: 2140531666760841404, guid: 1414572af6ebc434d83edbe0fe534e46,
        type: 3}
      propertyPath: m_AnchoredPosition.y
      value: 0
      objectReference: {fileID: 0}
    - target: {fileID: 2140531666760841404, guid: 1414572af6ebc434d83edbe0fe534e46,
        type: 3}
      propertyPath: m_SizeDelta.y
      value: 0
      objectReference: {fileID: 0}
    - target: {fileID: 2761343957365513393, guid: 1414572af6ebc434d83edbe0fe534e46,
        type: 3}
      propertyPath: m_Color.r
      value: 0.7921569
      objectReference: {fileID: 0}
    - target: {fileID: 2761343957365513393, guid: 1414572af6ebc434d83edbe0fe534e46,
        type: 3}
      propertyPath: m_Color.g
      value: 0.4392157
      objectReference: {fileID: 0}
    - target: {fileID: 2761343957365513393, guid: 1414572af6ebc434d83edbe0fe534e46,
        type: 3}
      propertyPath: m_Color.b
      value: 0.76862746
      objectReference: {fileID: 0}
    - target: {fileID: 5692118520308421501, guid: 1414572af6ebc434d83edbe0fe534e46,
        type: 3}
      propertyPath: m_LocalPosition.x
      value: 0
      objectReference: {fileID: 0}
    - target: {fileID: 5692118520308421501, guid: 1414572af6ebc434d83edbe0fe534e46,
        type: 3}
      propertyPath: m_LocalPosition.y
      value: 0
      objectReference: {fileID: 0}
    - target: {fileID: 5692118520308421501, guid: 1414572af6ebc434d83edbe0fe534e46,
        type: 3}
      propertyPath: m_LocalPosition.z
      value: 0
      objectReference: {fileID: 0}
    - target: {fileID: 5692118520308421501, guid: 1414572af6ebc434d83edbe0fe534e46,
        type: 3}
      propertyPath: m_LocalRotation.x
      value: 0
      objectReference: {fileID: 0}
    - target: {fileID: 5692118520308421501, guid: 1414572af6ebc434d83edbe0fe534e46,
        type: 3}
      propertyPath: m_LocalRotation.y
      value: 0
      objectReference: {fileID: 0}
    - target: {fileID: 5692118520308421501, guid: 1414572af6ebc434d83edbe0fe534e46,
        type: 3}
      propertyPath: m_LocalRotation.z
      value: 0
      objectReference: {fileID: 0}
    - target: {fileID: 5692118520308421501, guid: 1414572af6ebc434d83edbe0fe534e46,
        type: 3}
      propertyPath: m_LocalRotation.w
      value: 1
      objectReference: {fileID: 0}
    - target: {fileID: 5692118520308421501, guid: 1414572af6ebc434d83edbe0fe534e46,
        type: 3}
      propertyPath: m_RootOrder
      value: 1
      objectReference: {fileID: 0}
    - target: {fileID: 5692118520308421501, guid: 1414572af6ebc434d83edbe0fe534e46,
        type: 3}
      propertyPath: m_LocalEulerAnglesHint.x
      value: 0
      objectReference: {fileID: 0}
    - target: {fileID: 5692118520308421501, guid: 1414572af6ebc434d83edbe0fe534e46,
        type: 3}
      propertyPath: m_LocalEulerAnglesHint.y
      value: 0
      objectReference: {fileID: 0}
    - target: {fileID: 5692118520308421501, guid: 1414572af6ebc434d83edbe0fe534e46,
        type: 3}
      propertyPath: m_LocalEulerAnglesHint.z
      value: 0
      objectReference: {fileID: 0}
    - target: {fileID: 5692118520308421501, guid: 1414572af6ebc434d83edbe0fe534e46,
        type: 3}
      propertyPath: m_AnchoredPosition.x
      value: 0
      objectReference: {fileID: 0}
    - target: {fileID: 5692118520308421501, guid: 1414572af6ebc434d83edbe0fe534e46,
        type: 3}
      propertyPath: m_AnchoredPosition.y
      value: 0
      objectReference: {fileID: 0}
    - target: {fileID: 5692118520308421501, guid: 1414572af6ebc434d83edbe0fe534e46,
        type: 3}
      propertyPath: m_SizeDelta.x
      value: 230
      objectReference: {fileID: 0}
    - target: {fileID: 5692118520308421501, guid: 1414572af6ebc434d83edbe0fe534e46,
        type: 3}
      propertyPath: m_SizeDelta.y
      value: 0
      objectReference: {fileID: 0}
    - target: {fileID: 5692118520308421501, guid: 1414572af6ebc434d83edbe0fe534e46,
        type: 3}
      propertyPath: m_AnchorMin.x
      value: 0
      objectReference: {fileID: 0}
    - target: {fileID: 5692118520308421501, guid: 1414572af6ebc434d83edbe0fe534e46,
        type: 3}
      propertyPath: m_AnchorMin.y
      value: 0
      objectReference: {fileID: 0}
    - target: {fileID: 5692118520308421501, guid: 1414572af6ebc434d83edbe0fe534e46,
        type: 3}
      propertyPath: m_AnchorMax.x
      value: 0
      objectReference: {fileID: 0}
    - target: {fileID: 5692118520308421501, guid: 1414572af6ebc434d83edbe0fe534e46,
        type: 3}
      propertyPath: m_AnchorMax.y
      value: 0
      objectReference: {fileID: 0}
    - target: {fileID: 5692118520308421501, guid: 1414572af6ebc434d83edbe0fe534e46,
        type: 3}
      propertyPath: m_Pivot.x
      value: 0
      objectReference: {fileID: 0}
    - target: {fileID: 5692118520308421501, guid: 1414572af6ebc434d83edbe0fe534e46,
        type: 3}
      propertyPath: m_Pivot.y
      value: 1
      objectReference: {fileID: 0}
    - target: {fileID: 5715165390141019476, guid: 1414572af6ebc434d83edbe0fe534e46,
        type: 3}
      propertyPath: m_textInfo.characterCount
      value: 31
      objectReference: {fileID: 0}
    - target: {fileID: 5715165390141019476, guid: 1414572af6ebc434d83edbe0fe534e46,
        type: 3}
      propertyPath: m_textInfo.wordCount
      value: 3
      objectReference: {fileID: 0}
    - target: {fileID: 5715165390141019476, guid: 1414572af6ebc434d83edbe0fe534e46,
        type: 3}
      propertyPath: m_textInfo.lineCount
      value: 2
      objectReference: {fileID: 0}
    - target: {fileID: 5715165390141019476, guid: 1414572af6ebc434d83edbe0fe534e46,
        type: 3}
      propertyPath: m_textInfo.pageCount
      value: 1
      objectReference: {fileID: 0}
    - target: {fileID: 5715165390141019476, guid: 1414572af6ebc434d83edbe0fe534e46,
        type: 3}
      propertyPath: m_text
      value: Oefeningen voor spiegeltherapie
      objectReference: {fileID: 0}
    - target: {fileID: 5715165390141019476, guid: 1414572af6ebc434d83edbe0fe534e46,
        type: 3}
      propertyPath: m_textInfo.spaceCount
      value: 2
      objectReference: {fileID: 0}
    - target: {fileID: 5806935610577844511, guid: 1414572af6ebc434d83edbe0fe534e46,
        type: 3}
      propertyPath: m_Name
      value: CoverCard
      objectReference: {fileID: 0}
    - target: {fileID: 6020443087486820163, guid: 1414572af6ebc434d83edbe0fe534e46,
        type: 3}
      propertyPath: m_AnchorMin.y
      value: 0
      objectReference: {fileID: 0}
    - target: {fileID: 6020443087486820163, guid: 1414572af6ebc434d83edbe0fe534e46,
        type: 3}
      propertyPath: m_AnchorMax.y
      value: 0
      objectReference: {fileID: 0}
    - target: {fileID: 6020443087486820163, guid: 1414572af6ebc434d83edbe0fe534e46,
        type: 3}
      propertyPath: m_AnchoredPosition.x
      value: 0
      objectReference: {fileID: 0}
    - target: {fileID: 6020443087486820163, guid: 1414572af6ebc434d83edbe0fe534e46,
        type: 3}
      propertyPath: m_AnchoredPosition.y
      value: 0
      objectReference: {fileID: 0}
    - target: {fileID: 6864816684559836189, guid: 1414572af6ebc434d83edbe0fe534e46,
        type: 3}
      propertyPath: m_AnchoredPosition.x
      value: 20
      objectReference: {fileID: 0}
    - target: {fileID: 6864816684559836189, guid: 1414572af6ebc434d83edbe0fe534e46,
        type: 3}
      propertyPath: m_AnchorMin.y
      value: 0
      objectReference: {fileID: 0}
    - target: {fileID: 6864816684559836189, guid: 1414572af6ebc434d83edbe0fe534e46,
        type: 3}
      propertyPath: m_AnchorMax.y
      value: 0
      objectReference: {fileID: 0}
    - target: {fileID: 6864816684559836189, guid: 1414572af6ebc434d83edbe0fe534e46,
        type: 3}
      propertyPath: m_AnchoredPosition.y
      value: 0
      objectReference: {fileID: 0}
    - target: {fileID: 6864816684559836189, guid: 1414572af6ebc434d83edbe0fe534e46,
        type: 3}
      propertyPath: m_SizeDelta.x
      value: 0
      objectReference: {fileID: 0}
    - target: {fileID: 6864816684559836189, guid: 1414572af6ebc434d83edbe0fe534e46,
        type: 3}
      propertyPath: m_SizeDelta.y
      value: 0
      objectReference: {fileID: 0}
    m_RemovedComponents: []
  m_SourcePrefab: {fileID: 100100000, guid: 1414572af6ebc434d83edbe0fe534e46, type: 3}
--- !u!224 &1887580183972859958 stripped
RectTransform:
  m_CorrespondingSourceObject: {fileID: 5692118520308421501, guid: 1414572af6ebc434d83edbe0fe534e46,
    type: 3}
  m_PrefabInstance: {fileID: 6110399050763404107}
  m_PrefabAsset: {fileID: 0}
